2796 4608
452 274 560 355 cneur
577 303 595 357 1.
613 303 630 371 e
648 307 757 358 er-u.
1100 303 1139 362 27

2 480 3 485 ’
61 475 202 553 singulos
222 473 332 536 infiniti
353 476 442 536 fuerit
462 477 570 554 operis.
597 475 714 555 Quippe
737 495 804 538 cum
819 479 849 538 in
865 479 959 538 Bruto
975 479 1013 538 Μ.
1029 480 1142 542 Tutilius
1164 491 1192 542 38
1269 473 1274 484 '

2 582 3 587 ¹
62 567 111 621 tot
126 557 247 620 milibus
261 577 400 620 versuum
422 561 459 621 de
474 561 615 622 Romanis
629 571 745 622 tuntum
767 563 934 624 oratoribus
954 563 1093 642 loquetur
1112 574 1142 624 et

60 654 166 705 temen
182 644 219 704 de
234 643 373 705 omnibus
386 645 489 706 eetetis
504 663 582 720 suae,
599 646 776 724 quibuscum
789 647 912 722 virebat,
928 650 1058 726 exceptis
1070 649 1141 709 Gee-

3 743 4 752 ’
62 747 134 791 sere
150 737 238 807 utque
253 728 401 803 Marcello,
417 729 569 790 silentium
583 731 692 810 egerit:
708 731 775 810 quis
789 732 847 792 erit
861 734 975 807 modus,
991 733 1014 794 si
1031 743 1061 794 et
1075 733 1141 794 illus

64 823 97 876 et
118 814 171 892 qui
191 821 293 892 postea
313 814 436 874 suerunt
457 823 487 874 et
502 815 630 876 Graecos
650 816 747 876 omnis
764 835 972 897 persequamur
989 811 1030 900 [et
1044 818 1141 896 philo·

63 893 216 980 sophne]i
230 897 298 958 Fuit
312 899 402 976 igitur
417 899 544 960 brevitas
559 900 607 960 ilia
622 900 775 974 tutissime,
792 919 866 979 quse
882 910 926 963 est
939 902 1017 981 apud
1028 901 1141 962 Livium
1164 912 1193 962 39

64 985 98 1044 in
115 983 241 1062 epistole
260 981 402 1044 edfllium
424 983 548 1062 scripta:
570 985 756 1062 legendos
778 985 1061 1047 Demosthenen
1085 995 1140 1047 et-

65 1087 140 1147 que
166 1068 405 1142 Ciceronem,
435 1079 509 1128 tum
538 1069 606 1142 ita,
634 1069 853 1147 utquisque
881 1081 985 1132 esset
1011 1072 1141 1132 [temo-

65 1153 202 1214 stbeni
223 1161 257 1213 et
272 1152 455 1215 Ciceroni
477 1153 706 1215 simillimus.
736 1155 802 1214 Non
819 1164 864 1215 est
884 1163 983 1215 tomen
1005 1157 1143 1218 dissimu·
1164 1167 1193 1217 su

65 1237 154 1298 lende
169 1237 264 1298 nostri
278 1255 399 1316 quoque
413 1239 513 1299 iudicii
528 1257 650 1299 summe.
680 1238 794 1300 Paucos
814 1239 894 1299 enim
914 1240 960 1298 vel
982 1241 1081 1319 potius
1095 1242 1143 1302 vix

66 1322 162 1382 ulium
180 1339 215 1382 ex
229 1321 275 1384 his
291 1323 342 1400 qni
357 1331 531 1384 vetustatem
551 1323 741 1404 pertulerunt
755 1323 890 1384 existimo
904 1341 992 1402 posse
1007 1327 1142 1404 reperiri,

3 1423 4 1430 ¹
66 1407 141 1485 quin
156 1406 296 1467 iudicium
311 1407 520 1469 adhibentibus
531 1409 682 1469 adlaturus
697 1409 734 1469 sit
747 1408 881 1470 utilitatis
891 1409 1010 1487 aliquid,
1027 1429 1096 1470 cum
1110 1429 1142 1472 se

68 1492 172 1552 Cicero
183 1491 220 1552 nb
232 1490 288 1552 iilis
301 1510 420 1571 quoque
431 1493 635 1554 vetustissimis
650 1493 830 1568 auctoribus,
845 1493 1008 1572 ingeniosis
1024 1495 1143 1572 quidem

66 1576 120 1638 sed
135 1583 197 1636 crte
212 1577 391 1650 carentibus,
405 1578 567 1656 plurimum
577 1579 703 1638 fetentur
719 1578 861 1638 adiutum.
887 1578 949 1640 Nec
960 1579 1053 1640 multo
1063 1579 1142 1640 eliud
1163 1588 1191 1639 41

66 1662 106 1722 de
121 1661 204 1722 noris
218 1661 324 1722 sentio.
354 1661 469 1732 Quotus
484 1663 564 1723 enim
579 1663 705 1741 quisque
719 1663 846 1724 inveniri
867 1670 927 1723 tem
947 1665 1070 1724 demens
1088 1683 1142 1744 po-

67 1753 141 1820 test,
164 1746 214 1824 qui
230 1763 268 1805 ne
283 1746 406 1806 minima
421 1747 539 1826 quidem
554 1747 678 1808 alicuius
693 1756 774 1808 certe
789 1748 895 1808 fiducia
916 1750 1008 1826 pertis
1030 1767 1143 1811 memo-

103 1879 143 1930 38.
161 1879 258 1928 aetatis
274 1887 350 1940 tuae,
374 1878 419 1930 dns
436 1877 580 1931 Pronomen
632 1880 755 1932 &ceroci
777 1881 941 1941 simillimum
969 1883 1010 1932 ein
1038 1881 1143 1932 anderes

66 1945 244 2012 possessivum
266 1948 329 1996 stett
351 1945 396 1997 des
423 1946 580 1998 demonstra·
630 1947 887 2000 interessentesGitet
897 1963 942 1999 eus
951 1947 1048 2000 diesem
1058 1947 1142 1999 Brieie

66 2012 149 2064 ti'rum
171 2013 214 2064 bei
232 2012 316 2073 Quint.
339 2013 391 2064 und
413 2014 499 2066 Livius
521 2015 580 2071 sehr
630 2014 692 2079 vul,
712 2017 735 2078 2,
755 2018 794 2079 18,
817 2031 859 2066 wo
880 2031 931 2066 ron
950 2017 1033 2068 einem
1050 2015 1143 2068 Lehrer

66 2081 163 2142 dblich,
181 2081 234 2146 vgh
254 2083 269 2144 t
290 2083 345 2132 112.
631 2083 728 2134 erzihit
741 2082 812 2148 wind,
832 2097 859 2135 er
873 2083 940 2134 hsbe
951 2084 1022 2134 seine
1036 2082 1143 2134 Schuler

102 2151 257 2213 quibuscum
273 2150 392 2213 vivebat,
415 2147 479 2199 nech
497 2153 581 2199 omui·
632 2150 812 2215 suigefmdert,
831 2151 880 2202 den
899 2149 1075 2216 Gegenstand,
1094 2150 1142 2202 den

67 2217 115 2266 bue
132 2219 231 2267 aetatis
247 2231 311 2266 suae
328 2215 495 2280 ebernensis,
514 2215 580 2268 doch
632 2219 670 2269 sie
683 2218 861 2283 netandelten,
874 2234 905 2268 zu
917 2217 1084 2284 verdunheln,
1097 2219 1143 2269 mit

67 2283 112 2335 der
130 2281 373 2336 hshdschriitiichen
386 2283 562 2336 Uberiieierun
632 2284 690 2336 dem
708 2285 883 2351 griechischen
901 2285 990 2338 Worte
1008 2281 1142 2338 σκότισον.
1180 2347 1189 2356 ,

67 2351 126 2404 sehr
143 2351 224 2413 nahe,
242 2350 311 2402 ksnn
328 2366 369 2416 es,
393 2352 444 2403 wie
462 2352 512 2404 Gic.
533 2350 552 2403 0
573 2391 580 2405 .
666 2357 707 2405 40.
726 2356 774 2418 qui
790 2357 945 2404 vetustatem
965 2355 1143 2420 pertulerunt,

66 2419 87 2482 1,
103 2422 144 2482 49,
163 2422 188 2481 5,
207 2421 363 2484 quibuscum
386 2422 512 2483 uiuimus,
540 2419 581 2470 die
631 2420 796 2471 verschieden
815 2435 866 2472 von
885 2421 941 2472 dem
967 2421 1026 2473 bold
1045 2421 1143 2486 inigen-

68 2487 252 2552 Zeitgenossen
264 2487 298 2536 im
311 2501 421 2551 engeren
435 2487 522 2552 Sinne,
535 2487 581 2537 mit
632 2486 681 2538 den
693 2490 873 2550 vetustissimi,
889 2489 1002 2540 insosern
1015 2489 1055 2540 die
1068 2490 1142 2539 einen

69 2553 149 2606 denen
173 2569 231 2604 men
254 2553 374 2605 verkehrt
398 2555 450 2607 und
467 2555 581 2620 umgeht,
631 2554 698 2606 noch
717 2554 820 2620 gelesen
839 2555 953 2618 werden,
972 2556 1013 2606 die
1031 2555 1142 2607 anderen

67 2621 237 2683 bezeichnen,
271 2623 306 2672 im
338 2621 497 2688 Gegensetze
528 2637 580 2674 von
612 2622 710 2679 nicht.

69 2706 134 2755 quoe
151 2690 266 2740 viderim
285 2689 357 2755 598.
373 2693 434 2749 1183
453 2703 579 2756 wogegen
665 2690 776 2754 aliquid.
812 2689 857 2740 Rei
881 2688 1066 2750 Redenserten,
1092 2688 1142 2740 wie

68 2761 165 2809 uetntm
182 2773 248 2806 eune
266 2755 306 2807 die
332 2771 412 2820 genze
429 2757 580 2810 Lebenszeit
631 2757 737 2823 aliquid
759 2756 879 2820 adferre,
901 2755 1036 2820 oensem,
1060 2755 1144 2822 profi-

65 2825 226 2876 bezeichuet.
257 2822 313 2890 Vgi.
325 2824 375 2876 (iic.
385 2823 456 2878 Brut.
466 2829 507 2890 65,
516 2827 579 2878 231:
631 2841 703 2890 cere,
721 2828 856 2876 remittere
872 2823 1006 2876 verbindet
1024 2825 1079 2875 sich
1097 2824 1142 2876 des

67 2895 195 2959 quoniam
219 2895 248 2942 in
271 2894 321 2942 hoc
345 2909 466 2944 remoue
488 2898 579 2944 nostru
631 2892 776 2944 Prnnoruen
799 2893 851 2944 und
869 2891 980 2944 Verbum
1004 2907 1035 2944 zu
1060 2893 1143 2944 einem

65 2962 152 3012 statut
174 2961 305 3010 uenduem
327 2975 432 3026 eorum,
455 2964 511 3027 qui
533 2965 581 3012 oi·
633 2961 749 3026 einzigen
769 2959 865 3026 Begriii
883 2960 934 3011 und
952 2960 1033 3010 bleibt
1055 2959 1142 3011 derum

65 3033 200 3092 nerent,
218 3031 365 3078 nominare.
633 3028 699 3080 euch
723 3029 749 3078 iu
772 3029 909 3094 negativen
933 3027 1028 3080 Sdtzen
1051 3043 1143 3079 unver-

102 3095 216 3147 Caesare
238 3099 318 3160 atque
337 3095 473 3147 Marcello.
509 3095 581 3149 Brut.
633 3096 729 3148 indert.

66 3165 107 3228 71,
127 3165 255 3215 dds—'th
667 3167 708 3216 u.
726 3163 810 3214 suscito
828 3163 911 3227 uliud,
929 3163 1025 3215 ebenso
1043 3166 1143 3228 quanto

100 3233 162 3296 quie
169 3229 582 3298 utimedue‚vgl.§50,iliiendt-
633 3231 710 3282 aliud
726 3233 742 3295 ἓ
760 3233 800 3282 tt.

66 3297 194 3366 Seyfferts
212 3296 321 3348 Graium.
341 3297 357 3365 ᾖ
375 3300 435 3351 228.
667 3299 699 3349 de
716 3300 807 3363 novis,
825 3299 859 3348 im
878 3295 1037 3363 Gegensstee
1061 3309 1144 3361 gegen

101 3368 142 3418 39.
157 3366 231 3431 apud
238 3365 353 3416 Liuium.
376 3365 439 3417 Eine
450 3366 581 3418 unenicht
633 3366 767 3418 dichiten
785 3379 832 3416 vor
844 3365 931 3416 Cicero
950 3364 1002 3416 und
1020 3365 1084 3416 euch
1103 3363 1144 3415 die

65 3434 140 3486 mehr
158 3433 288 3484 erheitene
306 3433 463 3485 rhetorische
479 3434 581 3485 unwei-
632 3434 814 3500 Zeitgenossen
833 3433 935 3484 diceros
953 3432 1045 3492 selbst;
1069 3447 1098 3484 sn
1116 3431 1145 3494 ii,

66 3515 148 3568 sung,
171 3501 363 3552 ohueZweiiel
385 3515 436 3552 ron
459 3501 516 3552 dem
537 3502 581 3552 be·
633 3499 1146 3566 b,23=ontiquosetnouoste-
1250 3539 1255 3549 .

65 3571 187 3623 rihmten
200 3567 342 3620 Historiher
360 3567 443 3620 dieses
460 3568 580 3621 Nemetis.
630 3583 704 3634 gere.
731 3568 760 3632 V,
772 3573 796 3632 4,
808 3572 833 3620 1:
847 3570 984 3632 orqtt'oues
995 3573 1144 3618 ueterum

65 3635 192 3688 Erwihnt
216 3636 278 3687 wird
301 3637 338 3688 sie
362 3637 426 3687 such
450 3635 478 3700 li,
504 3641 528 3700 5,
547 3638 580 3689 m
632 3651 664 3688 ac
681 3651 847 3689 novorum.
882 3635 951 3686 Uber
969 3635 1010 3686 die
1025 3630 1146 3697 negritu-

67 3705 161 3756 Oieero
180 3729 213 3741 ·-
232 3709 258 3753 et
274 3705 408 3755 iucundus
429 3706 581 3770 incipienti·
631 3703 810 3756 unterschiede
833 3703 886 3770 vgi.
911 3701 972 3764 Vili,
996 3705 1019 3765 3,
1043 3703 1087 3752 34:
1112 3704 1145 3763 et,

67 3776 116 3823 bue
139 3787 243 3838 quoque
265 3777 292 3822 et
314 3775 422 3838 apertus
445 3777 484 3822 est
506 3775 580 3836 eade,
633 3787 701 3836 quae
718 3777 836 3822 uetera
853 3785 925 3821 nunc
942 3773 1013 3832 suut,
1033 3765 1148 3828 fuerunt

65 3855 117 3891 neu
142 3839 270 3906 prodesse
299 3844 403 3890 tantum
427 3841 475 3891 sed
500 3841 581 3890 etium
634 3839 696 3889 olim
721 3855 806 3889 noua
831 3843 858 3888 et
882 3837 1012 3902 quaedum
1039 3838 1068 3886 tn
1094 3849 1146 3886 usu

66 3911 271 3972 amempotesm
284 3911 347 3971 tum,
360 3907 581 3973 quemadmodum
628 3921 762 3972 perquam
787 3907 952 3964 recentim
977 3903 1042 3955 euch
1066 3907 1145 3955 unten

65 3976 163 4026 Liuius
183 3977 330 4040 praecipit,
353 3978 512 4041 utquisque
530 3975 583 4026 erit
633 3973 708 4040 543.
