<?xml version="1.0" encoding="UTF-8"?>
<!DOCTYPE html PUBLIC "-//W3C//DTD XHTML 1.0 Transitional//EN"
    "http://www.w3.org/TR/xhtml1/DTD/xhtml1-transitional.dtd">
<html xmlns="http://www.w3.org/1999/xhtml" xml:lang="en" lang="en">
 <head>
  <title>
</title>
<meta http-equiv="Content-Type" content="text/html;charset=utf-8" />
  <meta name='ocr-system' content='tesseract 3.04.00' />
  <meta name='ocr-capabilities' content='ocr_page ocr_carea ocr_par ocr_line ocrx_word'/>
</head>
<body>
  <div class='ocr_page' id='page_1' title='image "./mfabiiquintilia14quingoog_0084.png"; bbox 0 0 2796 4608; ppageno 0'>
   <div class='ocr_carea' id='block_1_1' title="bbox 370 235 1143 308">
    <p class='ocr_par' dir='ltr' id='par_1_1' title="bbox 370 235 1143 308">
     <span class='ocr_line' id='line_1_1' title="bbox 370 235 1143 308; baseline 0 -13"><span class='ocrx_word' id='word_1_1' title='bbox 370 241 477 295; x_wconf 81' lang='lat' dir='ltr'><strong>carur</strong></span> <span class='ocrx_word' id='word_1_2' title='bbox 497 241 528 295; x_wconf 89' lang='lat' dir='ltr'><strong>v.</strong></span> <span class='ocrx_word' id='word_1_3' title='bbox 545 244 561 308; x_wconf 72' lang='lat' dir='ltr'><strong>s</strong></span> <span class='ocrx_word' id='word_1_4' title='bbox 579 244 687 295; x_wconf 80' lang='lat' dir='ltr'><strong>nr-ra</strong></span> <span class='ocrx_word' id='word_1_5' title='bbox 721 241 763 294; x_wconf 78' lang='lat' dir='ltr'><strong>vt</strong></span> <span class='ocrx_word' id='word_1_6' title='bbox 782 241 796 307; x_wconf 73' lang='lat' dir='ltr'><strong>a</strong></span> <span class='ocrx_word' id='word_1_7' title='bbox 818 245 839 294; x_wconf 91' lang='lat' dir='ltr'><strong>t.</strong></span> <span class='ocrx_word' id='word_1_8' title='bbox 858 243 881 294; x_wconf 81' lang='lat' dir='ltr'><strong>n.</strong></span> <span class='ocrx_word' id='word_1_9' title='bbox 1103 235 1143 295; x_wconf 79' lang='lat'><strong>77</strong></span> 
     </span>
    </p>
   </div>
   <div class='ocr_carea' id='block_1_2' title="bbox 70 415 1197 1435">
    <p class='ocr_par' dir='ltr' id='par_1_2' title="bbox 71 415 1196 838">
     <span class='ocr_line' id='line_1_2' title="bbox 71 415 1146 500; baseline -0.005 -19"><span class='ocrx_word' id='word_1_10' title='bbox 71 420 223 500; x_wconf 82' lang='lat' dir='ltr'>persuasio</span> <span class='ocrx_word' id='word_1_11' title='bbox 238 427 356 500; x_wconf 89' lang='lat' dir='ltr'><strong>patrum</strong></span> <span class='ocrx_word' id='word_1_12' title='bbox 371 419 592 481; x_wconf 80' lang='lat' dir='ltr'><strong>numerantium</strong></span> <span class='ocrx_word' id='word_1_13' title='bbox 606 417 705 497; x_wconf 88' lang='lat' dir='ltr'><strong>potius</strong></span> <span class='ocrx_word' id='word_1_14' title='bbox 716 415 944 478; x_wconf 81' lang='lat' dir='ltr'><strong>declamationes</strong></span> <span class='ocrx_word' id='word_1_15' title='bbox 955 433 1043 494; x_wconf 88' lang='lat' dir='ltr'><strong>quam</strong></span> <span class='ocrx_word' id='word_1_16' title='bbox 1058 415 1146 478; x_wconf 81' lang='lat' dir='ltr'><strong>aesti-</strong></span> 
     </span>
     <span class='ocr_line' id='line_1_3' title="bbox 72 500 1196 584; baseline -0.008 -18"><span class='ocrx_word' id='word_1_17' title='bbox 72 505 226 566; x_wconf 89' lang='lat' dir='ltr'><strong>mantium.</strong></span> <span class='ocrx_word' id='word_1_18' title='bbox 257 504 317 566; x_wconf 91' lang='lat' dir='ltr'><strong>Sed</strong></span> <span class='ocrx_word' id='word_1_19' title='bbox 339 504 417 582; x_wconf 90' lang='lat' dir='ltr'><strong>quod</strong></span> <span class='ocrx_word' id='word_1_20' title='bbox 439 503 498 564; x_wconf 79' lang='lat' dir='ltr'><strong>dixi</strong></span> <span class='ocrx_word' id='word_1_21' title='bbox 520 503 626 584; x_wconf 91' lang='lat' dir='ltr'><strong>primo,</strong></span> <span class='ocrx_word' id='word_1_22' title='bbox 648 510 682 563; x_wconf 89' lang='lat' dir='ltr'><strong>ut</strong></span> <span class='ocrx_word' id='word_1_23' title='bbox 704 501 843 575; x_wconf 81' lang='lat' dir='ltr'>arbitror,</span> <span class='ocrx_word' id='word_1_24' title='bbox 864 500 952 574; x_wconf 90' lang='lat' dir='ltr'><strong>libro,</strong></span> <span class='ocrx_word' id='word_1_25' title='bbox 975 520 1030 562; x_wconf 91' lang='lat' dir='ltr'><strong>nec</strong></span> <span class='ocrx_word' id='word_1_26' title='bbox 1050 500 1099 563; x_wconf 92' lang='lat' dir='ltr'><strong>ille</strong></span> <span class='ocrx_word' id='word_1_27' title='bbox 1114 519 1146 563; x_wconf 89' lang='lat' dir='ltr'><strong>se</strong></span> <span class='ocrx_word' id='word_1_28' title='bbox 1167 507 1196 557; x_wconf 82' lang='lat'><strong>22</strong></span> 
     </span>
     <span class='ocr_line' id='line_1_4' title="bbox 71 586 1147 670; baseline -0.002 -20"><span class='ocrx_word' id='word_1_29' title='bbox 71 590 170 652; x_wconf 91' lang='lat' dir='ltr'><strong>bonus</strong></span> <span class='ocrx_word' id='word_1_30' title='bbox 185 596 362 670; x_wconf 88' lang='lat' dir='ltr'><strong>praeceptor</strong></span> <span class='ocrx_word' id='word_1_31' title='bbox 375 589 487 650; x_wconf 86' lang='lat' dir='ltr'><strong>maiore</strong></span> <span class='ocrx_word' id='word_1_32' title='bbox 502 607 638 662; x_wconf 90' lang='lat' dir='ltr'><strong>numero,</strong></span> <span class='ocrx_word' id='word_1_33' title='bbox 654 605 742 666; x_wconf 89' lang='lat' dir='ltr'><strong>quarn</strong></span> <span class='ocrx_word' id='word_1_34' title='bbox 756 586 904 647; x_wconf 89' lang='lat' dir='ltr'><strong>sustinere</strong></span> <span class='ocrx_word' id='word_1_35' title='bbox 919 586 1022 665; x_wconf 78' lang='lat' dir='ltr'><strong>possit,</strong></span> <span class='ocrx_word' id='word_1_36' title='bbox 1038 605 1147 648; x_wconf 90' lang='lat' dir='ltr'><strong>onera·</strong></span> 
     </span>
     <span class='ocr_line' id='line_1_5' title="bbox 73 671 1146 753; baseline -0.002 -17"><span class='ocrx_word' id='word_1_37' title='bbox 73 675 117 736; x_wconf 91' lang='lat' dir='ltr'><strong>bit</strong></span> <span class='ocrx_word' id='word_1_38' title='bbox 133 684 162 736; x_wconf 91' lang='lat' dir='ltr'><strong>et</strong></span> <span class='ocrx_word' id='word_1_39' title='bbox 177 675 299 736; x_wconf 88' lang='lat' dir='ltr'><strong>nimiam</strong></span> <span class='ocrx_word' id='word_1_40' title='bbox 313 674 523 753; x_wconf 70' lang='lat' dir='ltr'><strong>loquacitatem</strong></span> <span class='ocrx_word' id='word_1_41' title='bbox 537 672 657 745; x_wconf 82' lang='lat' dir='ltr'><strong>recidet,</strong></span> <span class='ocrx_word' id='word_1_42' title='bbox 679 681 714 732; x_wconf 93' lang='lat' dir='ltr'><strong>ut</strong></span> <span class='ocrx_word' id='word_1_43' title='bbox 735 671 835 732; x_wconf 88' lang='lat' dir='ltr'><strong>omnia</strong></span> <span class='ocrx_word' id='word_1_44' title='bbox 850 689 925 750; x_wconf 89' lang='lat' dir='ltr'><strong>quae</strong></span> <span class='ocrx_word' id='word_1_45' title='bbox 940 672 1056 733; x_wconf 91' lang='lat' dir='ltr'><strong>suntin</strong></span> <span class='ocrx_word' id='word_1_46' title='bbox 1072 691 1146 734; x_wconf 90' lang='lat' dir='ltr'><strong>con·</strong></span> 
     </span>
     <span class='ocr_line' id='line_1_6' title="bbox 72 755 1146 838; baseline -0.003 -16"><span class='ocrx_word' id='word_1_47' title='bbox 72 761 225 833; x_wconf 80' lang='lat' dir='ltr'><strong>troversia,</strong></span> <span class='ocrx_word' id='word_1_48' title='bbox 238 779 311 832; x_wconf 95' lang='lat' dir='ltr'><strong>non,</strong></span> <span class='ocrx_word' id='word_1_49' title='bbox 323 768 357 820; x_wconf 91' lang='lat' dir='ltr'><strong>ut</strong></span> <span class='ocrx_word' id='word_1_50' title='bbox 367 759 486 838; x_wconf 89' lang='lat' dir='ltr'><strong>quidam</strong></span> <span class='ocrx_word' id='word_1_51' title='bbox 497 757 610 830; x_wconf 85' lang='lat' dir='ltr'><strong>volunt,</strong></span> <span class='ocrx_word' id='word_1_52' title='bbox 622 775 698 835; x_wconf 89' lang='lat' dir='ltr'><strong>quae</strong></span> <span class='ocrx_word' id='word_1_53' title='bbox 711 755 743 818; x_wconf 90' lang='lat' dir='ltr'><strong>in</strong></span> <span class='ocrx_word' id='word_1_54' title='bbox 755 774 856 818; x_wconf 89' lang='lat' dir='ltr'><strong>rerum</strong></span> <span class='ocrx_word' id='word_1_55' title='bbox 867 764 982 831; x_wconf 89' lang='lat' dir='ltr'><strong>natura,</strong></span> <span class='ocrx_word' id='word_1_56' title='bbox 994 757 1146 835; x_wconf 81' lang='lat' dir='ltr'><strong>dicantur3</strong></span> 
     </span>
    </p>

    <p class='ocr_par' dir='ltr' id='par_1_3' title="bbox 70 839 1197 1435">
     <span class='ocr_line' id='line_1_7' title="bbox 72 839 1146 924; baseline 0 -18"><span class='ocrx_word' id='word_1_57' title='bbox 72 854 102 906; x_wconf 86' lang='lat' dir='ltr'><strong>et</strong></span> <span class='ocrx_word' id='word_1_58' title='bbox 117 845 164 906; x_wconf 85' lang='lat' dir='ltr'><strong>rel</strong></span> <span class='ocrx_word' id='word_1_59' title='bbox 177 845 313 921; x_wconf 81' lang='lat' dir='ltr'><strong>longiore</strong></span> <span class='ocrx_word' id='word_1_60' title='bbox 328 844 427 924; x_wconf 92' lang='lat' dir='ltr'><strong>potius</strong></span> <span class='ocrx_word' id='word_1_61' title='bbox 443 843 559 904; x_wconf 91' lang='lat' dir='ltr'><strong>dierum</strong></span> <span class='ocrx_word' id='word_1_62' title='bbox 573 841 669 921; x_wconf 89' lang='lat' dir='ltr'><strong>spatio</strong></span> <span class='ocrx_word' id='word_1_63' title='bbox 684 839 792 902; x_wconf 86' lang='lat' dir='ltr'><strong>laxabit</strong></span> <span class='ocrx_word' id='word_1_64' title='bbox 807 841 925 902; x_wconf 90' lang='lat' dir='ltr'><strong>dicendi</strong></span> <span class='ocrx_word' id='word_1_65' title='bbox 940 843 1146 906; x_wconf 84' lang='lat' dir='ltr'><strong>necessitatem</strong></span> 
     </span>
     <span class='ocr_line' id='line_1_8' title="bbox 70 925 1197 1008; baseline 0.003 -19"><span class='ocrx_word' id='word_1_66' title='bbox 70 930 118 991; x_wconf 87' lang='lat' dir='ltr'><strong>vel</strong></span> <span class='ocrx_word' id='word_1_67' title='bbox 138 930 276 991; x_wconf 88' lang='lat' dir='ltr'><strong>materias</strong></span> <span class='ocrx_word' id='word_1_68' title='bbox 296 929 425 990; x_wconf 88' lang='lat' dir='ltr'><strong>dividere</strong></span> <span class='ocrx_word' id='word_1_69' title='bbox 447 927 607 1007; x_wconf 88' lang='lat' dir='ltr'><strong>permittet.</strong></span> <span class='ocrx_word' id='word_1_70' title='bbox 637 925 801 1005; x_wconf 84' lang='lat' dir='ltr'><strong>Diligenter</strong></span> <span class='ocrx_word' id='word_1_71' title='bbox 816 926 920 986; x_wconf 85' lang='lat' dir='ltr'><strong>ellecta</strong></span> <span class='ocrx_word' id='word_1_72' title='bbox 933 927 1001 1006; x_wconf 90' lang='lat' dir='ltr'><strong>plus</strong></span> <span class='ocrx_word' id='word_1_73' title='bbox 1014 929 1148 1008; x_wconf 90' lang='lat' dir='ltr'><strong>proderit</strong></span> <span class='ocrx_word' id='word_1_74' title='bbox 1169 931 1197 982; x_wconf 69' lang='lat'><strong>23</strong></span> 
     </span>
     <span class='ocr_line' id='line_1_9' title="bbox 72 1010 1145 1095; baseline 0 -19"><span class='ocrx_word' id='word_1_75' title='bbox 72 1033 163 1093; x_wconf 86' lang='lat' dir='ltr'><strong>quarn</strong></span> <span class='ocrx_word' id='word_1_76' title='bbox 184 1015 285 1095; x_wconf 92' lang='lat' dir='ltr'><strong>plures</strong></span> <span class='ocrx_word' id='word_1_77' title='bbox 304 1015 459 1076; x_wconf 82' lang='lat' dir='ltr'><strong>inchoatae</strong></span> <span class='ocrx_word' id='word_1_78' title='bbox 481 1021 510 1073; x_wconf 93' lang='lat' dir='ltr'><strong>et</strong></span> <span class='ocrx_word' id='word_1_79' title='bbox 525 1012 607 1092; x_wconf 90' lang='lat' dir='ltr'><strong>quasi</strong></span> <span class='ocrx_word' id='word_1_80' title='bbox 623 1012 802 1092; x_wconf 82' lang='lat' dir='ltr'><strong>degustatae.</strong></span> <span class='ocrx_word' id='word_1_81' title='bbox 832 1010 959 1090; x_wconf 90' lang='lat' dir='ltr'><strong>Propter</strong></span> <span class='ocrx_word' id='word_1_82' title='bbox 973 1013 1053 1091; x_wconf 91' lang='lat' dir='ltr'><strong>quod</strong></span> <span class='ocrx_word' id='word_1_83' title='bbox 1069 1016 1145 1076; x_wconf 90' lang='lat' dir='ltr'><strong>acci·</strong></span> 
     </span>
     <span class='ocr_line' id='line_1_10' title="bbox 71 1095 1146 1178; baseline 0 -18"><span class='ocrx_word' id='word_1_84' title='bbox 71 1100 125 1173; x_wconf 93' lang='lat' dir='ltr'><strong>dit,</strong></span> <span class='ocrx_word' id='word_1_85' title='bbox 142 1109 176 1160; x_wconf 90' lang='lat' dir='ltr'><strong>ut</strong></span> <span class='ocrx_word' id='word_1_86' title='bbox 190 1118 247 1161; x_wconf 91' lang='lat' dir='ltr'><strong>neo</strong></span> <span class='ocrx_word' id='word_1_87' title='bbox 261 1117 316 1160; x_wconf 90' lang='lat' dir='ltr'><strong>suo</strong></span> <span class='ocrx_word' id='word_1_88' title='bbox 331 1099 398 1160; x_wconf 90' lang='lat' dir='ltr'><strong>loco</strong></span> <span class='ocrx_word' id='word_1_89' title='bbox 414 1099 544 1177; x_wconf 91' lang='lat' dir='ltr'><strong>quidque</strong></span> <span class='ocrx_word' id='word_1_90' title='bbox 559 1106 699 1178; x_wconf 89' lang='lat' dir='ltr'><strong>ponatur,</strong></span> <span class='ocrx_word' id='word_1_91' title='bbox 721 1115 778 1156; x_wconf 91' lang='lat' dir='ltr'><strong>nec</strong></span> <span class='ocrx_word' id='word_1_92' title='bbox 793 1095 851 1170; x_wconf 87' lang='lat' dir='ltr'><strong>illa,</strong></span> <span class='ocrx_word' id='word_1_93' title='bbox 867 1114 941 1174; x_wconf 87' lang='lat' dir='ltr'><strong>quae</strong></span> <span class='ocrx_word' id='word_1_94' title='bbox 957 1098 1051 1176; x_wconf 90' lang='lat' dir='ltr'><strong>prima</strong></span> <span class='ocrx_word' id='word_1_95' title='bbox 1066 1110 1146 1174; x_wconf 87' lang='lat' dir='ltr'><strong>sunt,</strong></span> 
     </span>
     <span class='ocr_line' id='line_1_11' title="bbox 70 1180 1146 1261; baseline 0.001 -16"><span class='ocrx_word' id='word_1_96' title='bbox 70 1193 192 1246; x_wconf 85' lang='lat' dir='ltr'><strong>servent</strong></span> <span class='ocrx_word' id='word_1_97' title='bbox 209 1203 291 1246; x_wconf 87' lang='lat' dir='ltr'><strong>suam</strong></span> <span class='ocrx_word' id='word_1_98' title='bbox 306 1185 412 1261; x_wconf 84' lang='lat' dir='ltr'><strong>legem,</strong></span> <span class='ocrx_word' id='word_1_99' title='bbox 436 1182 591 1244; x_wconf 90' lang='lat' dir='ltr'><strong>iuvenibus</strong></span> <span class='ocrx_word' id='word_1_100' title='bbox 609 1181 749 1243; x_wconf 87' lang='lat' dir='ltr'><strong>tlosoulos</strong></span> <span class='ocrx_word' id='word_1_101' title='bbox 763 1180 897 1242; x_wconf 89' lang='lat' dir='ltr'><strong>omnium</strong></span> <span class='ocrx_word' id='word_1_102' title='bbox 911 1183 1040 1260; x_wconf 87' lang='lat' dir='ltr'><strong>partium</strong></span> <span class='ocrx_word' id='word_1_103' title='bbox 1055 1187 1085 1245; x_wconf 95' lang='lat' dir='ltr'><strong>in</strong></span> <span class='ocrx_word' id='word_1_104' title='bbox 1102 1204 1146 1260; x_wconf 87' lang='lat' dir='ltr'><strong>ea,</strong></span> 
     </span>
     <span class='ocr_line' id='line_1_12' title="bbox 72 1265 1147 1348; baseline 0.003 -19"><span class='ocrx_word' id='word_1_105' title='bbox 72 1287 149 1346; x_wconf 88' lang='lat' dir='ltr'><strong>quae</strong></span> <span class='ocrx_word' id='word_1_106' title='bbox 163 1279 234 1331; x_wconf 89' lang='lat' dir='ltr'><strong>sunt</strong></span> <span class='ocrx_word' id='word_1_107' title='bbox 245 1269 361 1344; x_wconf 89' lang='lat' dir='ltr'><strong>dicturi,</strong></span> <span class='ocrx_word' id='word_1_108' title='bbox 374 1268 619 1348; x_wconf 80' lang='lat' dir='ltr'><strong>congerentibus3</strong></span> <span class='ocrx_word' id='word_1_109' title='bbox 636 1285 695 1345; x_wconf 89' lang='lat' dir='ltr'><strong>quo</strong></span> <span class='ocrx_word' id='word_1_110' title='bbox 707 1267 750 1341; x_wconf 91' lang='lat' dir='ltr'><strong>lit,</strong></span> <span class='ocrx_word' id='word_1_111' title='bbox 763 1274 795 1327; x_wconf 92' lang='lat' dir='ltr'><strong>ut</strong></span> <span class='ocrx_word' id='word_1_112' title='bbox 806 1265 954 1340; x_wconf 90' lang='lat' dir='ltr'><strong>timentes,</strong></span> <span class='ocrx_word' id='word_1_113' title='bbox 968 1286 1006 1328; x_wconf 87' lang='lat' dir='ltr'><strong>ne</strong></span> <span class='ocrx_word' id='word_1_114' title='bbox 1018 1287 1147 1348; x_wconf 87' lang='lat' dir='ltr'><strong>sequen·</strong></span> 
     </span>
     <span class='ocr_line' id='line_1_13' title="bbox 71 1353 585 1435; baseline -0.002 -21"><span class='ocrx_word' id='word_1_115' title='bbox 71 1353 111 1414; x_wconf 89' lang='lat' dir='ltr'><strong>tia</strong></span> <span class='ocrx_word' id='word_1_116' title='bbox 126 1355 261 1435; x_wconf 86' lang='lat' dir='ltr'><strong>perdant,</strong></span> <span class='ocrx_word' id='word_1_117' title='bbox 276 1355 376 1435; x_wconf 91' lang='lat' dir='ltr'><strong>priora</strong></span> <span class='ocrx_word' id='word_1_118' title='bbox 390 1353 585 1415; x_wconf 79' lang='lat' dir='ltr'><strong>confundant.</strong></span> 
     </span>
    </p>
   </div>
   <div class='ocr_carea' id='block_1_3' title="bbox 368 1725 856 1935">
    <p class='ocr_par' dir='ltr' id='par_1_4' title="bbox 368 1725 856 1935">
     <span class='ocr_line' id='line_1_14' title="bbox 516 1725 704 1800; baseline 0.005 -3"><span class='ocrx_word' id='word_1_119' title='bbox 516 1726 626 1800; x_wconf 78' lang='lat' dir='ltr'><strong>Garun</strong></span> <span class='ocrx_word' id='word_1_120' title='bbox 652 1725 704 1798; x_wconf 81' lang='lat' dir='ltr'><strong>vt.</strong></span> 
     </span>
     <span class='ocr_line' id='line_1_15' title="bbox 368 1859 856 1935; baseline -0.002 -2"><span class='ocrx_word' id='word_1_121' title='bbox 368 1861 433 1934; x_wconf 75' lang='lat' dir='ltr'><strong>ott</strong></span> <span class='ocrx_word' id='word_1_122' title='bbox 470 1859 856 1935; x_wconf 76' lang='lat' dir='ltr'><strong>coctrnrtorttt.</strong></span> 
     </span>
    </p>
   </div>
   <div class='ocr_carea' id='block_1_4' title="bbox 73 2030 1185 2706">
    <p class='ocr_par' dir='ltr' id='par_1_5' title="bbox 73 2030 1185 2706">
     <span class='ocr_line' id='line_1_16' title="bbox 158 2030 1185 2111; baseline 0.007 -21"><span class='ocrx_word' id='word_1_123' title='bbox 158 2030 295 2092; x_wconf 81' lang='lat' dir='ltr'><strong>Proxima</strong></span> <span class='ocrx_word' id='word_1_124' title='bbox 310 2031 377 2092; x_wconf 89' lang='lat' dir='ltr'><strong>stilo</strong></span> <span class='ocrx_word' id='word_1_125' title='bbox 392 2031 478 2110; x_wconf 78' lang='lat' dir='ltr'><strong>cogi</strong></span> <span class='ocrx_word' id='word_1_126' title='bbox 488 2031 583 2092; x_wconf 91' lang='lat' dir='ltr'><strong>tatio</strong></span> <span class='ocrx_word' id='word_1_127' title='bbox 599 2040 653 2106; x_wconf 91' lang='lat' dir='ltr'><strong>est,</strong></span> <span class='ocrx_word' id='word_1_128' title='bbox 670 2050 744 2110; x_wconf 88' lang='lat' dir='ltr'><strong>quae</strong></span> <span class='ocrx_word' id='word_1_129' title='bbox 760 2041 790 2092; x_wconf 89' lang='lat' dir='ltr'><strong>et</strong></span> <span class='ocrx_word' id='word_1_130' title='bbox 804 2031 868 2111; x_wconf 89' lang='lat' dir='ltr'><strong>ipsa</strong></span> <span class='ocrx_word' id='word_1_131' title='bbox 882 2031 959 2093; x_wconf 90' lang='lat' dir='ltr'><strong>vires</strong></span> <span class='ocrx_word' id='word_1_132' title='bbox 974 2031 1011 2093; x_wconf 89' lang='lat' dir='ltr'><strong>ab</strong></span> <span class='ocrx_word' id='word_1_133' title='bbox 1026 2033 1084 2094; x_wconf 87' lang='lat' dir='ltr'><strong>hoc</strong></span> <span class='ocrx_word' id='word_1_134' title='bbox 1098 2053 1148 2096; x_wconf 92' lang='lat' dir='ltr'><strong>ac·</strong></span> <span class='ocrx_word' id='word_1_135' title='bbox 1171 2049 1185 2099; x_wconf 86' lang='lat'>1</span> 
     </span>
     <span class='ocr_line' id='line_1_17' title="bbox 74 2115 1151 2197; baseline 0.004 -19"><span class='ocrx_word' id='word_1_136' title='bbox 74 2115 146 2197; x_wconf 91' lang='lat' dir='ltr'><strong>cipit</strong></span> <span class='ocrx_word' id='word_1_137' title='bbox 173 2125 202 2176; x_wconf 91' lang='lat' dir='ltr'><strong>et</strong></span> <span class='ocrx_word' id='word_1_138' title='bbox 231 2117 311 2178; x_wconf 88' lang='lat' dir='ltr'><strong>inter</strong></span> <span class='ocrx_word' id='word_1_139' title='bbox 347 2115 497 2178; x_wconf 87' lang='lat' dir='ltr'><strong>scribendi</strong></span> <span class='ocrx_word' id='word_1_140' title='bbox 523 2116 657 2178; x_wconf 89' lang='lat' dir='ltr'><strong>laborem</strong></span> <span class='ocrx_word' id='word_1_141' title='bbox 687 2117 977 2196; x_wconf 84' lang='lat' dir='ltr'><strong>extemporalemque</strong></span> <span class='ocrx_word' id='word_1_142' title='bbox 1000 2119 1151 2182; x_wconf 81' lang='lat' dir='ltr'><strong>fortunam</strong></span> 
     </span>
     <span class='ocr_line' id='line_1_18' title="bbox 74 2200 1149 2280; baseline 0.005 -17"><span class='ocrx_word' id='word_1_143' title='bbox 74 2201 172 2264; x_wconf 92' lang='lat' dir='ltr'><strong>media</strong></span> <span class='ocrx_word' id='word_1_144' title='bbox 187 2200 331 2280; x_wconf 89' lang='lat' dir='ltr'><strong>quaedam</strong></span> <span class='ocrx_word' id='word_1_145' title='bbox 349 2210 379 2262; x_wconf 88' lang='lat' dir='ltr'><strong>ct</strong></span> <span class='ocrx_word' id='word_1_146' title='bbox 393 2201 495 2263; x_wconf 89' lang='lat' dir='ltr'><strong>nescio</strong></span> <span class='ocrx_word' id='word_1_147' title='bbox 510 2221 548 2262; x_wconf 85' lang='lat' dir='ltr'><strong>an</strong></span> <span class='ocrx_word' id='word_1_148' title='bbox 564 2221 636 2264; x_wconf 89' lang='lat' dir='ltr'><strong>usus</strong></span> <span class='ocrx_word' id='word_1_149' title='bbox 657 2201 901 2280; x_wconf 83' lang='lat' dir='ltr'><strong>frequentissimi.</strong></span> <span class='ocrx_word' id='word_1_150' title='bbox 931 2202 1004 2268; x_wconf 89' lang='lat' dir='ltr'><strong>Nam</strong></span> <span class='ocrx_word' id='word_1_151' title='bbox 1018 2203 1149 2268; x_wconf 90' lang='lat' dir='ltr'><strong>scribere</strong></span> 
     </span>
     <span class='ocr_line' id='line_1_19' title="bbox 76 2285 1150 2368; baseline 0.003 -19"><span class='ocrx_word' id='word_1_152' title='bbox 76 2306 141 2349; x_wconf 92' lang='lat' dir='ltr'><strong>non</strong></span> <span class='ocrx_word' id='word_1_153' title='bbox 158 2285 268 2368; x_wconf 82' lang='lat' dir='ltr'><strong>ultique</strong></span> <span class='ocrx_word' id='word_1_154' title='bbox 284 2305 341 2347; x_wconf 93' lang='lat' dir='ltr'><strong>nec</strong></span> <span class='ocrx_word' id='word_1_155' title='bbox 357 2304 475 2364; x_wconf 89' lang='lat' dir='ltr'><strong>semper</strong></span> <span class='ocrx_word' id='word_1_156' title='bbox 496 2305 671 2366; x_wconf 87' lang='lat' dir='ltr'><strong>possumus;</strong></span> <span class='ocrx_word' id='word_1_157' title='bbox 693 2287 866 2366; x_wconf 82' lang='lat' dir='ltr'><strong>cogitationi</strong></span> <span class='ocrx_word' id='word_1_158' title='bbox 887 2289 1029 2368; x_wconf 86' lang='lat' dir='ltr'><strong>temporis</strong></span> <span class='ocrx_word' id='word_1_159' title='bbox 1043 2308 1078 2350; x_wconf 92' lang='lat' dir='ltr'><strong>ac</strong></span> <span class='ocrx_word' id='word_1_160' title='bbox 1093 2291 1150 2352; x_wconf 89' lang='lat' dir='ltr'><strong>loci</strong></span> 
     </span>
     <span class='ocr_line' id='line_1_20' title="bbox 73 2371 1149 2452; baseline 0.003 -19"><span class='ocrx_word' id='word_1_161' title='bbox 73 2373 236 2452; x_wconf 91' lang='lat' dir='ltr'><strong>plurimum</strong></span> <span class='ocrx_word' id='word_1_162' title='bbox 251 2381 305 2433; x_wconf 89' lang='lat' dir='ltr'><strong>est.</strong></span> <span class='ocrx_word' id='word_1_163' title='bbox 335 2371 414 2432; x_wconf 89' lang='lat' dir='ltr'><strong>llaec</strong></span> <span class='ocrx_word' id='word_1_164' title='bbox 435 2371 539 2452; x_wconf 88' lang='lat' dir='ltr'><strong>paucis</strong></span> <span class='ocrx_word' id='word_1_165' title='bbox 560 2371 717 2432; x_wconf 89' lang='lat' dir='ltr'><strong>admodum</strong></span> <span class='ocrx_word' id='word_1_166' title='bbox 741 2371 823 2433; x_wconf 92' lang='lat' dir='ltr'><strong>horis</strong></span> <span class='ocrx_word' id='word_1_167' title='bbox 838 2389 961 2451; x_wconf 82' lang='lat' dir='ltr'><strong>magnas</strong></span> <span class='ocrx_word' id='word_1_168' title='bbox 977 2374 1063 2434; x_wconf 89' lang='lat' dir='ltr'><strong>etiarn</strong></span> <span class='ocrx_word' id='word_1_169' title='bbox 1079 2395 1149 2436; x_wconf 89' lang='lat' dir='ltr'><strong>oau-</strong></span> 
     </span>
     <span class='ocr_line' id='line_1_21' title="bbox 73 2456 1149 2539; baseline 0.003 -20"><span class='ocrx_word' id='word_1_170' title='bbox 73 2476 121 2520; x_wconf 87' lang='lat' dir='ltr'><strong>sas</strong></span> <span class='ocrx_word' id='word_1_171' title='bbox 144 2457 366 2538; x_wconf 90' lang='lat' dir='ltr'><strong>complectitur;</strong></span> <span class='ocrx_word' id='word_1_172' title='bbox 388 2457 470 2529; x_wconf 88' lang='lat' dir='ltr'><strong>haec,</strong></span> <span class='ocrx_word' id='word_1_173' title='bbox 493 2456 631 2535; x_wconf 92' lang='lat' dir='ltr'><strong>quotiens</strong></span> <span class='ocrx_word' id='word_1_174' title='bbox 650 2456 839 2518; x_wconf 89' lang='lat' dir='ltr'><strong>intermissus</strong></span> <span class='ocrx_word' id='word_1_175' title='bbox 860 2464 906 2518; x_wconf 91' lang='lat' dir='ltr'><strong>est</strong></span> <span class='ocrx_word' id='word_1_176' title='bbox 924 2475 1056 2532; x_wconf 90' lang='lat' dir='ltr'><strong>somnus,</strong></span> <span class='ocrx_word' id='word_1_177' title='bbox 1077 2459 1149 2539; x_wconf 87' lang='lat' dir='ltr'><strong>ipsis</strong></span> 
     </span>
     <span class='ocr_line' id='line_1_22' title="bbox 73 2541 1149 2622; baseline 0.001 -18"><span class='ocrx_word' id='word_1_178' title='bbox 73 2543 173 2608; x_wconf 90' lang='lat' dir='ltr'><strong>noctis</strong></span> <span class='ocrx_word' id='word_1_179' title='bbox 187 2542 319 2606; x_wconf 84' lang='lat' dir='ltr'><strong>tenebris</strong></span> <span class='ocrx_word' id='word_1_180' title='bbox 333 2542 501 2618; x_wconf 89' lang='lat' dir='ltr'><strong>adiuvatur;</strong></span> <span class='ocrx_word' id='word_1_181' title='bbox 516 2541 589 2602; x_wconf 88' lang='lat' dir='ltr'><strong>haec</strong></span> <span class='ocrx_word' id='word_1_182' title='bbox 603 2541 683 2603; x_wconf 86' lang='lat' dir='ltr'><strong>inter</strong></span> <span class='ocrx_word' id='word_1_183' title='bbox 697 2542 810 2604; x_wconf 90' lang='lat' dir='ltr'><strong>medios</strong></span> <span class='ocrx_word' id='word_1_184' title='bbox 825 2559 926 2602; x_wconf 89' lang='lat' dir='ltr'><strong>rerum</strong></span> <span class='ocrx_word' id='word_1_185' title='bbox 940 2551 1023 2604; x_wconf 89' lang='lat' dir='ltr'><strong>actus</strong></span> <span class='ocrx_word' id='word_1_186' title='bbox 1038 2543 1149 2622; x_wconf 89' lang='lat' dir='ltr'><strong>aliquid</strong></span> 
     </span>
     <span class='ocr_line' id='line_1_23' title="bbox 73 2627 1185 2706; baseline 0.004 -18"><span class='ocrx_word' id='word_1_187' title='bbox 73 2629 188 2689; x_wconf 89' lang='lat' dir='ltr'><strong>invenit</strong></span> <span class='ocrx_word' id='word_1_188' title='bbox 210 2627 292 2688; x_wconf 90' lang='lat' dir='ltr'><strong>vacui</strong></span> <span class='ocrx_word' id='word_1_189' title='bbox 314 2646 370 2688; x_wconf 90' lang='lat' dir='ltr'><strong>nec</strong></span> <span class='ocrx_word' id='word_1_190' title='bbox 392 2627 486 2688; x_wconf 89' lang='lat' dir='ltr'><strong>otium</strong></span> <span class='ocrx_word' id='word_1_191' title='bbox 509 2627 629 2706; x_wconf 87' lang='lat' dir='ltr'><strong>patitur.</strong></span> <span class='ocrx_word' id='word_1_192' title='bbox 670 2627 774 2705; x_wconf 91' lang='lat' dir='ltr'><strong>Neque</strong></span> <span class='ocrx_word' id='word_1_193' title='bbox 793 2645 863 2686; x_wconf 90' lang='lat' dir='ltr'><strong>vero</strong></span> <span class='ocrx_word' id='word_1_194' title='bbox 886 2643 987 2687; x_wconf 91' lang='lat' dir='ltr'><strong>rerum</strong></span> <span class='ocrx_word' id='word_1_195' title='bbox 1012 2628 1149 2690; x_wconf 90' lang='lat' dir='ltr'><strong>ordinem</strong></span> <span class='ocrx_word' id='word_1_196' title='bbox 1170 2643 1185 2694; x_wconf 82' lang='lat'>2</span> 
     </span>
    </p>
   </div>
   <div class='ocr_carea' id='block_1_5' title="bbox 72 2759 1151 2894">
    <p class='ocr_par' dir='ltr' id='par_1_6' title="bbox 72 2759 1151 2894">
     <span class='ocr_line' id='line_1_24' title="bbox 72 2759 1151 2826; baseline 0.002 -14"><span class='ocrx_word' id='word_1_197' title='bbox 72 2763 154 2825; x_wconf 77' lang='lat' dir='ltr'><strong>lidus,</strong></span> <span class='ocrx_word' id='word_1_198' title='bbox 171 2775 205 2810; x_wconf 84' lang='lat' dir='ltr'><strong>ne</strong></span> <span class='ocrx_word' id='word_1_199' title='bbox 222 2762 320 2824; x_wconf 86' lang='lat' dir='ltr'><strong>omnia,</strong></span> <span class='ocrx_word' id='word_1_200' title='bbox 338 2777 407 2825; x_wconf 82' lang='lat' dir='ltr'><strong>quoe</strong></span> <span class='ocrx_word' id='word_1_201' title='bbox 422 2762 588 2826; x_wconf 73' lang='lat' dir='ltr'><strong>scripserint,</strong></span> <span class='ocrx_word' id='word_1_202' title='bbox 674 2759 976 2820; x_wconf 75' lang='lat' dir='ltr'><strong>2³.ut-con!&#39;undont.</strong></span> <span class='ocrx_word' id='word_1_203' title='bbox 992 2760 1046 2813; x_wconf 80' lang='lat' dir='ltr'><strong>Ans</strong></span> <span class='ocrx_word' id='word_1_204' title='bbox 1056 2761 1151 2814; x_wconf 81' lang='lat' dir='ltr'><strong>Furclrt</strong></span> 
     </span>
     <span class='ocr_line' id='line_1_25' title="bbox 73 2827 1150 2894; baseline 0.005 -16"><span class='ocrx_word' id='word_1_205' title='bbox 73 2829 198 2880; x_wconf 76' lang='lat' dir='ltr'><strong>ediscant</strong></span> <span class='ocrx_word' id='word_1_206' title='bbox 222 2831 248 2878; x_wconf 88' lang='lat' dir='ltr'><strong>et</strong></span> <span class='ocrx_word' id='word_1_207' title='bbox 269 2832 358 2893; x_wconf 83' lang='lat' dir='ltr'><strong>certa,</strong></span> <span class='ocrx_word' id='word_1_208' title='bbox 383 2833 415 2879; x_wconf 82' lang='lat' dir='ltr'><strong>ut</strong></span> <span class='ocrx_word' id='word_1_209' title='bbox 435 2831 518 2880; x_wconf 82' lang='lat' dir='ltr'><strong>moris</strong></span> <span class='ocrx_word' id='word_1_210' title='bbox 541 2832 588 2893; x_wconf 85' lang='lat' dir='ltr'><strong>est,</strong></span> <span class='ocrx_word' id='word_1_211' title='bbox 639 2843 683 2879; x_wconf 89' lang='lat' dir='ltr'><strong>um</strong></span> <span class='ocrx_word' id='word_1_212' title='bbox 701 2827 890 2894; x_wconf 74' lang='lat' dir='ltr'><strong>dssFolgende</strong></span> <span class='ocrx_word' id='word_1_213' title='bbox 906 2845 939 2881; x_wconf 84' lang='lat' dir='ltr'><strong>zu</strong></span> <span class='ocrx_word' id='word_1_214' title='bbox 954 2829 1075 2881; x_wconf 84' lang='lat' dir='ltr'><strong>lsommen</strong></span> <span class='ocrx_word' id='word_1_215' title='bbox 1087 2829 1112 2882; x_wconf 87' lang='lat' dir='ltr'><strong>d</strong></span> <span class='ocrx_word' id='word_1_216' title='bbox 1124 2831 1150 2884; x_wconf 87' lang='lat' dir='ltr'><strong>h.</strong></span> 
     </span>
    </p>
   </div>
   <div class='ocr_carea' id='block_1_6' title="bbox 72 2896 1268 2964">
    <p class='ocr_par' dir='ltr' id='par_1_7' title="bbox 72 2896 1268 2964">
     <span class='ocr_line' id='line_1_26' title="bbox 72 2896 1268 2964; baseline 0.003 -16"><span class='ocrx_word' id='word_1_217' title='bbox 72 2897 119 2948; x_wconf 80' lang='lat' dir='ltr'><strong>die</strong></span> <span class='ocrx_word' id='word_1_218' title='bbox 137 2896 245 2948; x_wconf 80' lang='lat' dir='ltr'><strong>dicant:</strong></span> <span class='ocrx_word' id='word_1_219' title='bbox 263 2897 335 2962; x_wconf 82' lang='lat' dir='ltr'><strong>quod</strong></span> <span class='ocrx_word' id='word_1_220' title='bbox 348 2897 454 2964; x_wconf 77' lang='lat' dir='ltr'><strong>quidem</strong></span> <span class='ocrx_word' id='word_1_221' title='bbox 470 2899 589 2948; x_wconf 72' lang='lat' dir='ltr'><strong>monime</strong></span> <span class='ocrx_word' id='word_1_222' title='bbox 639 2911 667 2948; x_wconf 89' lang='lat' dir='ltr'><strong>es</strong></span> <span class='ocrx_word' id='word_1_223' title='bbox 686 2896 905 2963; x_wconf 77' lang='lat' dir='ltr'><strong>nichtvortragen</strong></span> <span class='ocrx_word' id='word_1_224' title='bbox 921 2896 1064 2959; x_wconf 82' lang='lat' dir='ltr'><strong>auddrlen,</strong></span> <span class='ocrx_word' id='word_1_225' title='bbox 1083 2898 1151 2950; x_wconf 90' lang='lat' dir='ltr'><strong>brin-</strong></span> <span class='ocrx_word' id='word_1_226' title='bbox 1265 2954 1268 2958; x_wconf 70' lang='grc'><strong>,</strong></span> 
     </span>
    </p>
   </div>
   <div class='ocr_carea' id='block_1_7' title="bbox 71 2964 1151 3986">
    <p class='ocr_par' dir='ltr' id='par_1_8' title="bbox 71 2964 1150 3032">
     <span class='ocr_line' id='line_1_27' title="bbox 71 2964 1150 3032; baseline 0.004 -18"><span class='ocrx_word' id='word_1_227' title='bbox 71 2967 167 3032; x_wconf 83' lang='lat' dir='ltr'><strong>patres</strong></span> <span class='ocrx_word' id='word_1_228' title='bbox 182 2967 310 3030; x_wconf 71' lang='lat' dir='ltr'><strong>ratgunt,</strong></span> <span class='ocrx_word' id='word_1_229' title='bbox 328 2971 408 3031; x_wconf 81' lang='lat' dir='ltr'><strong>atque</strong></span> <span class='ocrx_word' id='word_1_230' title='bbox 424 2969 464 3016; x_wconf 80' lang='lat' dir='ltr'><strong>ita</strong></span> <span class='ocrx_word' id='word_1_231' title='bbox 483 2965 587 3016; x_wconf 81' lang='lat' dir='ltr'><strong>densum</strong></span> <span class='ocrx_word' id='word_1_232' title='bbox 639 2979 689 3031; x_wconf 77' lang='lat' dir='ltr'><strong>gen</strong></span> <span class='ocrx_word' id='word_1_233' title='bbox 701 2965 739 3016; x_wconf 90' lang='lat' dir='ltr'><strong>sie</strong></span> <span class='ocrx_word' id='word_1_234' title='bbox 752 2964 818 3017; x_wconf 85' lang='lat' dir='ltr'><strong>auch</strong></span> <span class='ocrx_word' id='word_1_235' title='bbox 829 2964 856 3016; x_wconf 94' lang='lat' dir='ltr'><strong>in</strong></span> <span class='ocrx_word' id='word_1_236' title='bbox 868 2965 913 3017; x_wconf 83' lang='lat' dir='ltr'><strong>das</strong></span> <span class='ocrx_word' id='word_1_237' title='bbox 928 2964 1150 3032; x_wconf 73' lang='lat' dir='ltr'><strong>Vorhergehende,</strong></span> 
     </span>
    </p>

    <p class='ocr_par' dir='ltr' id='par_1_9' title="bbox 72 3031 1150 3102">
     <span class='ocr_line' id='line_1_28' title="bbox 72 3031 1150 3102; baseline 0.004 -19"><span class='ocrx_word' id='word_1_238' title='bbox 72 3031 182 3083; x_wconf 76' lang='lat' dir='ltr'><strong>studere</strong></span> <span class='ocrx_word' id='word_1_239' title='bbox 198 3032 297 3086; x_wconf 82' lang='lat' dir='ltr'><strong>liberos</strong></span> <span class='ocrx_word' id='word_1_240' title='bbox 312 3049 383 3098; x_wconf 85' lang='lat' dir='ltr'><strong>snos,</strong></span> <span class='ocrx_word' id='word_1_241' title='bbox 400 3035 516 3099; x_wconf 79' lang='lat' dir='ltr'><strong>siquam</strong></span> <span class='ocrx_word' id='word_1_242' title='bbox 533 3032 588 3094; x_wconf 70' lang='lat' dir='ltr'><strong>lre·</strong></span> <span class='ocrx_word' id='word_1_243' title='bbox 639 3047 693 3084; x_wconf 82' lang='lat' dir='ltr'><strong>was</strong></span> <span class='ocrx_word' id='word_1_244' title='bbox 711 3032 749 3084; x_wconf 85' lang='lat' dir='ltr'><strong>sic</strong></span> <span class='ocrx_word' id='word_1_245' title='bbox 761 3037 905 3100; x_wconf 75' lang='lat' dir='ltr'><strong>rortrsqen,</strong></span> <span class='ocrx_word' id='word_1_246' title='bbox 923 3032 1080 3102; x_wconf 77' lang='lat' dir='ltr'><strong>Uuordnunq</strong></span> <span class='ocrx_word' id='word_1_247' title='bbox 1098 3035 1150 3088; x_wconf 89' lang='lat' dir='ltr'><strong>und</strong></span> 
     </span>
    </p>

    <p class='ocr_par' dir='ltr' id='par_1_10' title="bbox 75 3100 810 3166">
     <span class='ocr_line' id='line_1_29' title="bbox 75 3100 810 3166; baseline 0.004 -16"><span class='ocrx_word' id='word_1_248' title='bbox 75 3103 248 3166; x_wconf 72' lang='lat' dir='ltr'><strong>pacatissimo</strong></span> <span class='ocrx_word' id='word_1_249' title='bbox 276 3101 502 3166; x_wconf 77' lang='lat' dir='ltr'><strong>declamaoon&#39;nt,</strong></span> <span class='ocrx_word' id='word_1_250' title='bbox 531 3117 587 3152; x_wconf 86' lang='lat' dir='ltr'><strong>ore·</strong></span> <span class='ocrx_word' id='word_1_251' title='bbox 639 3100 810 3166; x_wconf 77' lang='lat' dir='ltr'><strong>Verwirrung.</strong></span> 
     </span>
    </p>

    <p class='ocr_par' dir='ltr' id='par_1_11' title="bbox 75 3167 1150 3236">
     <span class='ocr_line' id='line_1_30' title="bbox 75 3167 1150 3236; baseline 0 -14"><span class='ocrx_word' id='word_1_252' title='bbox 75 3169 153 3234; x_wconf 81' lang='lat' dir='ltr'><strong>dunt,</strong></span> <span class='ocrx_word' id='word_1_253' title='bbox 171 3185 232 3221; x_wconf 83' lang='lat' dir='ltr'><strong>cum</strong></span> <span class='ocrx_word' id='word_1_254' title='bbox 239 3169 380 3236; x_wconf 74' lang='lat' dir='ltr'><strong>profectus</strong></span> <span class='ocrx_word' id='word_1_255' title='bbox 387 3171 534 3236; x_wconf 67' lang='lat' dir='ltr'><strong>praamprce</strong></span> <span class='ocrx_word' id='word_1_256' title='bbox 546 3169 587 3221; x_wconf 80' lang='lat' dir='ltr'><strong>dc·-</strong></span> <span class='ocrx_word' id='word_1_257' title='bbox 675 3171 696 3220; x_wconf 90' lang='lat'><strong>1.</strong></span> <span class='ocrx_word' id='word_1_258' title='bbox 715 3170 860 3233; x_wconf 79' lang='lat' dir='ltr'><strong>eogttots‘o,</strong></span> <span class='ocrx_word' id='word_1_259' title='bbox 877 3168 918 3220; x_wconf 87' lang='lat' dir='ltr'><strong>die</strong></span> <span class='ocrx_word' id='word_1_260' title='bbox 938 3167 1087 3236; x_wconf 77' lang='lat' dir='ltr'><strong>Sarpmlung</strong></span> <span class='ocrx_word' id='word_1_261' title='bbox 1104 3169 1150 3222; x_wconf 90' lang='lat' dir='ltr'><strong>des</strong></span> 
     </span>
    </p>

    <p class='ocr_par' dir='ltr' id='par_1_12' title="bbox 76 3233 1150 3372">
     <span class='ocr_line' id='line_1_31' title="bbox 76 3233 1148 3302; baseline 0.002 -14"><span class='ocrx_word' id='word_1_262' title='bbox 76 3237 191 3302; x_wconf 72' lang='lat' dir='ltr'><strong>ligantia</strong></span> <span class='ocrx_word' id='word_1_263' title='bbox 209 3243 319 3290; x_wconf 84' lang='lat' dir='ltr'><strong>constet.</strong></span> <span class='ocrx_word' id='word_1_264' title='bbox 638 3233 868 3298; x_wconf 80' lang='lat' dir='ltr'><strong>Gedankenstoffs,</strong></span> <span class='ocrx_word' id='word_1_265' title='bbox 897 3235 942 3288; x_wconf 85' lang='lat' dir='ltr'><strong>dns</strong></span> <span class='ocrx_word' id='word_1_266' title='bbox 969 3235 1148 3302; x_wconf 83' lang='lat' dir='ltr'><strong>Uberdenlren,</strong></span> 
     </span>
     <span class='ocr_line' id='line_1_32' title="bbox 111 3302 1150 3372; baseline 0 -14"><span class='ocrx_word' id='word_1_267' title='bbox 111 3307 153 3358; x_wconf 78' lang='grc'><strong>22.</strong></span> <span class='ocrx_word' id='word_1_268' title='bbox 168 3305 395 3372; x_wconf 78' lang='lat' dir='ltr'><strong>primo-libro.</strong></span> <span class='ocrx_word' id='word_1_269' title='bbox 411 3303 525 3369; x_wconf 82' lang='lat' dir='ltr'><strong>1‚t,1s:</strong></span> <span class='ocrx_word' id='word_1_270' title='bbox 543 3321 588 3356; x_wconf 82' lang='lat' dir='ltr'><strong>no-</strong></span> <span class='ocrx_word' id='word_1_271' title='bbox 638 3302 683 3356; x_wconf 89' lang='lat' dir='ltr'><strong>der</strong></span> <span class='ocrx_word' id='word_1_272' title='bbox 705 3303 857 3368; x_wconf 68' lang='lat' dir='ltr'><strong>auditorio,</strong></span> <span class='ocrx_word' id='word_1_273' title='bbox 875 3302 934 3356; x_wconf 87' lang='lat' dir='ltr'><strong>dem</strong></span> <span class='ocrx_word' id='word_1_274' title='bbox 955 3304 1150 3370; x_wconf 83' lang='lat' dir='ltr'><strong>llurehdenlren,</strong></span> 
     </span>
    </p>

    <p class='ocr_par' dir='ltr' id='par_1_13' title="bbox 76 3369 865 3440">
     <span class='ocr_line' id='line_1_33' title="bbox 76 3369 865 3440; baseline 0.001 -16"><span class='ocrx_word' id='word_1_275' title='bbox 76 3389 128 3440; x_wconf 78' lang='lat' dir='ltr'><strong>que</strong></span> <span class='ocrx_word' id='word_1_276' title='bbox 149 3377 308 3440; x_wconf 61' lang='lat' dir='ltr'><strong>preceptor</strong></span> <span class='ocrx_word' id='word_1_277' title='bbox 332 3375 416 3425; x_wconf 81' lang='lat' dir='ltr'><strong>donus</strong></span> <span class='ocrx_word' id='word_1_278' title='bbox 435 3375 538 3424; x_wconf 80' lang='lat' dir='ltr'><strong>maiore</strong></span> <span class='ocrx_word' id='word_1_279' title='bbox 560 3389 589 3423; x_wconf 88' lang='lat' dir='ltr'><strong>se</strong></span> <span class='ocrx_word' id='word_1_280' title='bbox 639 3371 705 3424; x_wconf 86' lang='lat' dir='ltr'><strong>nahe</strong></span> <span class='ocrx_word' id='word_1_281' title='bbox 723 3369 865 3425; x_wconf 84' lang='lat' dir='ltr'><strong>verwandt.</strong></span> 
     </span>
    </p>

    <p class='ocr_par' dir='ltr' id='par_1_14' title="bbox 76 3438 1150 3506">
     <span class='ocr_line' id='line_1_34' title="bbox 76 3438 1150 3506; baseline -0.001 -13"><span class='ocrx_word' id='word_1_282' title='bbox 76 3442 167 3505; x_wconf 68' lang='lat' dir='ltr'><strong>meta,</strong></span> <span class='ocrx_word' id='word_1_283' title='bbox 185 3457 265 3506; x_wconf 80' lang='lat' dir='ltr'><strong>quana</strong></span> <span class='ocrx_word' id='word_1_284' title='bbox 276 3446 308 3492; x_wconf 83' lang='lat' dir='ltr'><strong>ast</strong></span> <span class='ocrx_word' id='word_1_285' title='bbox 318 3443 448 3492; x_wconf 78' lang='lat' dir='ltr'><strong>stutiners</strong></span> <span class='ocrx_word' id='word_1_286' title='bbox 460 3456 518 3492; x_wconf 80' lang='lat' dir='ltr'><strong>cam</strong></span> <span class='ocrx_word' id='word_1_287' title='bbox 527 3456 589 3506; x_wconf 88' lang='lat' dir='ltr'><strong>pos-</strong></span> <span class='ocrx_word' id='word_1_288' title='bbox 672 3439 932 3506; x_wconf 68' lang='lat' dir='ltr'><strong>extemporalemque</strong></span> <span class='ocrx_word' id='word_1_289' title='bbox 942 3438 1092 3505; x_wconf 76' lang='lat' dir='ltr'><strong>fortunam,</strong></span> <span class='ocrx_word' id='word_1_290' title='bbox 1105 3439 1150 3492; x_wconf 80' lang='lat' dir='ltr'><strong>das</strong></span> 
     </span>
    </p>

    <p class='ocr_par' dir='ltr' id='par_1_15' title="bbox 73 3505 1150 3642">
     <span class='ocr_line' id='line_1_35' title="bbox 73 3505 1150 3574; baseline -0.002 -14"><span class='ocrx_word' id='word_1_291' title='bbox 73 3511 120 3573; x_wconf 82' lang='lat' dir='ltr'><strong>sa&#39;t,</strong></span> <span class='ocrx_word' id='word_1_292' title='bbox 139 3512 300 3560; x_wconf 76' lang='lat' dir='ltr'><strong>oneraverit.</strong></span> <span class='ocrx_word' id='word_1_293' title='bbox 639 3523 699 3560; x_wconf 85' lang='lat' dir='ltr'><strong>vom</strong></span> <span class='ocrx_word' id='word_1_294' title='bbox 714 3507 798 3560; x_wconf 82' lang='lat' dir='ltr'><strong>Zulall</strong></span> <span class='ocrx_word' id='word_1_295' title='bbox 817 3506 962 3573; x_wconf 73' lang='lat' dir='ltr'><strong>abhingige</strong></span> <span class='ocrx_word' id='word_1_296' title='bbox 975 3505 1150 3574; x_wconf 69' lang='lat' dir='ltr'><strong>[intemporie-</strong></span> 
     </span>
     <span class='ocr_line' id='line_1_36' title="bbox 113 3575 956 3642; baseline -0.001 -13"><span class='ocrx_word' id='word_1_297' title='bbox 113 3577 236 3642; x_wconf 68' lang='lat' dir='ltr'><strong>tongiore</strong></span> <span class='ocrx_word' id='word_1_298' title='bbox 247 3603 284 3616; x_wconf 86' lang='lat'>-</span> <span class='ocrx_word' id='word_1_299' title='bbox 298 3579 396 3642; x_wconf 81' lang='lat' dir='ltr'><strong>spatio,</strong></span> <span class='ocrx_word' id='word_1_300' title='bbox 414 3575 516 3628; x_wconf 84' lang='lat' dir='ltr'><strong>beaieht</strong></span> <span class='ocrx_word' id='word_1_301' title='bbox 532 3575 587 3627; x_wconf 80' lang='lat' dir='ltr'><strong>siclt</strong></span> <span class='ocrx_word' id='word_1_302' title='bbox 639 3591 692 3640; x_wconf 88' lang='lat' dir='ltr'><strong>ren,</strong></span> <span class='ocrx_word' id='word_1_303' title='bbox 710 3575 763 3642; x_wconf 76' lang='lat' dir='ltr'><strong>vgl.</strong></span> <span class='ocrx_word' id='word_1_304' title='bbox 775 3577 790 3640; x_wconf 66' lang='grc' dir='ltr'><strong>ξ</strong></span> <span class='ocrx_word' id='word_1_305' title='bbox 802 3579 827 3629; x_wconf 77' lang='grc'><strong>5.</strong></span> <span class='ocrx_word' id='word_1_306' title='bbox 840 3577 865 3628; x_wconf 84' lang='grc'><strong>6.</strong></span> <span class='ocrx_word' id='word_1_307' title='bbox 878 3578 901 3639; x_wconf 81' lang='lat' dir='ltr'><strong>l,</strong></span> <span class='ocrx_word' id='word_1_308' title='bbox 916 3577 956 3629; x_wconf 83' lang='lat' dir='ltr'><strong>ta.</strong></span> 
     </span>
    </p>

    <p class='ocr_par' dir='ltr' id='par_1_16' title="bbox 76 3644 957 3707">
     <span class='ocr_line' id='line_1_37' title="bbox 76 3644 957 3707; baseline -0.001 -9"><span class='ocrx_word' id='word_1_309' title='bbox 76 3644 123 3698; x_wconf 83' lang='lat' dir='ltr'><strong>aut</strong></span> <span class='ocrx_word' id='word_1_310' title='bbox 134 3644 523 3698; x_wconf 62' lang='lat' dir='ltr'><strong>emendacionem</strong></span> <span class='ocrx_word' id='word_1_311' title='bbox 535 3644 588 3696; x_wconf 84' lang='lat' dir='ltr'><strong>ds&#39;e-</strong></span> <span class='ocrx_word' id='word_1_312' title='bbox 672 3646 762 3694; x_wconf 74' lang='lat' dir='ltr'><strong>nmoio</strong></span> <span class='ocrx_word' id='word_1_313' title='bbox 780 3660 816 3695; x_wconf 86' lang='lat' dir='ltr'><strong>an</strong></span> <span class='ocrx_word' id='word_1_314' title='bbox 834 3659 854 3696; x_wconf 91' lang='lat' dir='ltr'><strong>s.</strong></span> <span class='ocrx_word' id='word_1_315' title='bbox 876 3648 896 3707; x_wconf 94' lang='lat' dir='ltr'><strong>l,</strong></span> <span class='ocrx_word' id='word_1_316' title='bbox 915 3646 957 3697; x_wconf 79' lang='lat'><strong>65.</strong></span> 
     </span>
    </p>

    <p class='ocr_par' dir='ltr' id='par_1_17' title="bbox 77 3705 1151 3843">
     <span class='ocr_line' id='line_1_38' title="bbox 77 3705 1151 3778; baseline -0.001 -13"><span class='ocrx_word' id='word_1_317' title='bbox 77 3717 128 3766; x_wconf 76' lang='lat' dir='ltr'><strong>dus</strong></span> <span class='ocrx_word' id='word_1_318' title='bbox 145 3713 341 3764; x_wconf 75' lang='lat' dir='ltr'><strong>audiendmm</strong></span> <span class='ocrx_word' id='word_1_319' title='bbox 358 3711 385 3764; x_wconf 91' lang='lat' dir='ltr'><strong>in</strong></span> <span class='ocrx_word' id='word_1_320' title='bbox 402 3713 418 3777; x_wconf 62' lang='grc' dir='ltr'>ᾗ</span> <span class='ocrx_word' id='word_1_321' title='bbox 437 3714 478 3765; x_wconf 82' lang='lat' dir='ltr'><strong>tt.</strong></span> <span class='ocrx_word' id='word_1_322' title='bbox 673 3711 966 3778; x_wconf 81' lang='lat' dir='ltr'><strong>ususfrequentissa&#39;mi,</strong></span> <span class='ocrx_word' id='word_1_323' title='bbox 980 3705 1151 3778; x_wconf 71' lang='lat' dir='ltr'><strong>‘scortantis</strong></span> 
     </span>
     <span class='ocr_line' id='line_1_39' title="bbox 112 3774 834 3843; baseline -0.003 -9"><span class='ocrx_word' id='word_1_324' title='bbox 112 3783 241 3834; x_wconf 83' lang='lat' dir='ltr'><strong>materias</strong></span> <span class='ocrx_word' id='word_1_325' title='bbox 252 3781 379 3843; x_wconf 80' lang='lat' dir='ltr'><strong>dividere,</strong></span> <span class='ocrx_word' id='word_1_326' title='bbox 397 3779 466 3832; x_wconf 86' lang='lat' dir='ltr'><strong>kann</strong></span> <span class='ocrx_word' id='word_1_327' title='bbox 478 3795 526 3832; x_wconf 85' lang='lat' dir='ltr'><strong>nur</strong></span> <span class='ocrx_word' id='word_1_328' title='bbox 538 3795 589 3833; x_wconf 82' lang='lat' dir='ltr'><strong>ron</strong></span> <span class='ocrx_word' id='word_1_329' title='bbox 641 3774 834 3833; x_wconf 72' lang='lat' dir='ltr'><strong>anaunenden&#39;.</strong></span> 
     </span>
    </p>

    <p class='ocr_par' dir='ltr' id='par_1_18' title="bbox 76 3847 1151 3916">
     <span class='ocr_line' id='line_1_40' title="bbox 76 3847 1151 3916; baseline -0.004 -12"><span class='ocrx_word' id='word_1_330' title='bbox 76 3849 124 3904; x_wconf 86' lang='lat' dir='ltr'><strong>der</strong></span> <span class='ocrx_word' id='word_1_331' title='bbox 136 3848 288 3916; x_wconf 78' lang='lat' dir='ltr'><strong>Verteilnng</strong></span> <span class='ocrx_word' id='word_1_332' title='bbox 300 3848 345 3904; x_wconf 91' lang='lat' dir='ltr'><strong>des</strong></span> <span class='ocrx_word' id='word_1_333' title='bbox 358 3848 452 3902; x_wconf 83' lang='lat' dir='ltr'><strong>Stolles</strong></span> <span class='ocrx_word' id='word_1_334' title='bbox 464 3849 510 3901; x_wconf 86' lang='lat' dir='ltr'><strong>aul</strong></span> <span class='ocrx_word' id='word_1_335' title='bbox 519 3849 589 3902; x_wconf 85' lang='lat' dir='ltr'><strong>meh·</strong></span> <span class='ocrx_word' id='word_1_336' title='bbox 674 3864 766 3900; x_wconf 84' lang='lat' dir='ltr'><strong>rerum</strong></span> <span class='ocrx_word' id='word_1_337' title='bbox 793 3853 880 3913; x_wconf 74' lang='lat' dir='ltr'><strong>nonu,</strong></span> <span class='ocrx_word' id='word_1_338' title='bbox 910 3847 1073 3913; x_wconf 77' lang='lat' dir='ltr'><strong>gewohnttel</strong></span> <span class='ocrx_word' id='word_1_339' title='bbox 1099 3863 1151 3901; x_wconf 87' lang='lat' dir='ltr'><strong>von</strong></span> 
     </span>
    </p>

    <p class='ocr_par' dir='ltr' id='par_1_19' title="bbox 74 3915 1151 3986">
     <span class='ocr_line' id='line_1_41' title="bbox 74 3915 1151 3986; baseline -0.003 -15"><span class='ocrx_word' id='word_1_340' title='bbox 74 3933 134 3972; x_wconf 86' lang='lat' dir='ltr'><strong>rere</strong></span> <span class='ocrx_word' id='word_1_341' title='bbox 151 3916 221 3986; x_wconf 70' lang='lat' dir='ltr'><strong>Tage</strong></span> <span class='ocrx_word' id='word_1_342' title='bbox 238 3917 393 3972; x_wconf 79' lang='lat' dir='ltr'><strong>varstanden</strong></span> <span class='ocrx_word' id='word_1_343' title='bbox 411 3917 522 3972; x_wconf 83' lang='lat' dir='ltr'><strong>werden.</strong></span> <span class='ocrx_word' id='word_1_344' title='bbox 642 3915 1151 3986; x_wconf 73' lang='lat' dir='ltr'><strong>gerichtlichenGescln‘rltengesagt,vgl.</strong></span> 
     </span>
    </p>
   </div>
   <div class='ocr_carea' id='block_1_8' title="bbox 0 0 1402 4608">
    <p class='ocr_par' dir='ltr' id='par_1_20' title="bbox 0 0 1402 4608">
     <span class='ocr_line' id='line_1_42' title="bbox 0 0 1402 4608; baseline 0 0"><span class='ocrx_word' id='word_1_345' title='bbox 0 0 1402 4608; x_wconf 95' lang='lat' dir='ltr'><strong> </strong></span> 
     </span>
    </p>
   </div>
  </div>
 </body>
</html>
