2796 4608
407 278 514 332 carun
531 279 568 334 tn.
585 280 604 348 a
623 283 732 337 ao-aa.
1105 277 1146 340 69
1259 333 1263 342 ,

73 461 189 513 amator
209 452 315 514 secreti
336 452 549 515 Demosthenes
569 453 600 514 in
622 453 723 527 litore,
744 452 774 513 in
796 469 855 531 quo
877 471 909 512 se
930 453 1056 514 maximo
1079 471 1146 516 cunr

73 556 151 599 sono
167 537 273 598 ductus
287 537 434 612 inlideret,
457 537 604 600 meditans
624 537 836 600 consuescebat
857 537 1032 599 contionum
1047 541 1147 602 fremi-

72 633 121 684 tus
138 641 199 684 non
215 639 418 701 expavescere.

160 707 210 768 llla
234 725 354 786 quoque
372 708 487 766 minora
510 707 574 778 (sed
597 708 670 766 nihil
690 707 721 766 in
743 707 848 767 studiis
868 725 991 787 parvum
1014 710 1069 783 est)
1085 729 1146 771 non
1168 718 1196 769 et

72 801 146 854 sunt
159 793 350 865 transeunda,
366 791 458 852 scribi
473 791 584 871 optime
600 791 684 864 ceris,
700 791 729 850 in
748 791 856 867 quibus
866 793 1002 856 facillima
1014 803 1059 854 est
1072 795 1147 856 ratio

71 877 208 953 delendi,
234 876 291 938 nisi
312 877 389 936 sorte
409 876 488 938 visus
508 875 654 936 infirmior
682 874 921 940 membranarum
942 879 1041 958 potius
1059 895 1146 943 nsunt

71 964 181 1042 exiget,
194 979 271 1040 quae
282 969 316 1021 ut
327 961 428 1021 iuvent
439 960 541 1032 eciem,
556 960 594 1022 ita
607 959 711 1020 crebra
722 959 873 1034 relatione,
885 964 981 1040 quoad
991 965 1147 1044 intingun-

70 1058 123 1109 tur
138 1046 252 1120 calami,
268 1055 423 1106 morantur
444 1063 564 1106 menum
586 1053 616 1106 et
636 1044 823 1122 cogitationis
838 1045 979 1126 impetum
995 1050 1146 1129 frangunt.

71 1132 302 1211 Relinquendae
317 1139 415 1192 autem
431 1130 461 1190 in
477 1130 619 1192 utrolibet
632 1147 743 1207 genere
761 1137 863 1190 contra
879 1142 969 1192 erunt
982 1152 1089 1196 vacuae
1104 1145 1147 1196 ta·
1169 1142 1198 1192 tt

70 1217 179 1290 bellae,
195 1217 226 1278 in
243 1215 351 1295 quibus
366 1215 457 1276 libera
479 1215 632 1276 adiciendo
649 1216 687 1278 sit
705 1215 851 1276 excursio.
879 1216 952 1276 Nam
967 1217 1087 1279 interim
1101 1220 1147 1300 pi·

72 1302 191 1382 gritiem
213 1301 390 1362 emendandi
412 1301 564 1378 angustiae
588 1301 701 1362 iaciunt
721 1309 772 1360 aut
793 1308 873 1360 certe
895 1319 1039 1362 novorum
1054 1304 1147 1365 inter-

72 1387 226 1466 positione
240 1387 341 1466 priore
356 1386 552 1448 confundant.
582 1386 625 1446 Ne
639 1385 712 1448 latas
727 1385 847 1463 quidem
859 1387 935 1448 ultra
946 1387 1068 1449 modum
1083 1407 1147 1450 esse

74 1489 157 1533 ceras
172 1471 269 1546 velim,
285 1480 424 1551 expertus
439 1471 574 1532 iuvenem
591 1471 754 1532 studiosum
777 1470 886 1550 alioqui
902 1473 1081 1552 praelongos
1095 1474 1147 1534 ha·

73 1556 173 1618 buisse
188 1575 351 1630 sermones,
373 1557 440 1635 quie
463 1555 529 1616 illos
549 1573 676 1617 numero
697 1574 834 1618 versuum
851 1556 1036 1631 metiebatur,
1059 1558 1148 1637 idque

73 1643 186 1712 vitium,
202 1641 283 1720 quod
298 1641 447 1720 frequenti
463 1641 665 1702 admonitione
683 1640 791 1718 corrigi
814 1661 875 1703 non
891 1651 1038 1720 potuerat,
1053 1653 1148 1704 muta·

73 1729 111 1788 tis
131 1725 285 1788 codicibus
308 1744 372 1788 esse
393 1725 551 1788 sublatum.
581 1725 676 1787 llehet
695 1743 799 1786 vacare
822 1727 909 1788 etiam
932 1728 1024 1802 locus,
1039 1729 1070 1790 in
1087 1749 1146 1808 qno
1171 1736 1200 1786 3³

75 1821 221 1874 notentur
235 1829 310 1889 quae
325 1809 526 1872 scribentibus
544 1811 641 1872 solent
662 1819 743 1870 extre
759 1811 904 1884 ordinem,
920 1811 1010 1874 idest
1025 1833 1061 1874 ex
1075 1815 1148 1889 aliis,

75 1915 163 1977 quem
181 1896 231 1975 qui
247 1905 318 1958 sunt
332 1896 363 1956 in
379 1895 517 1958 manibus
527 1896 594 1971 loci,
607 1912 774 1956 occurrere.
805 1895 985 1974 inrumpunt
1000 1898 1077 1958 enim
1095 1918 1148 1978 op·

75 1982 141 2043 timi
156 1999 382 2059 nonnumquam
406 1999 521 2055 sensus,
542 1999 617 2060 quos
641 1997 739 2059 neque
760 1980 892 2043 inserere
915 1989 1033 2060 oportet
1051 2001 1149 2061 neque

75 2067 193 2128 differre
209 2075 305 2128 tutum
321 2074 374 2139 est,
391 2066 458 2144 quia
474 2066 591 2128 interim
605 2065 774 2139 elabuntur,
789 2067 909 2128 interim
924 2068 1083 2128 memoriae
1104 2067 1149 2128 sni

75 2153 207 2214 intentos
222 2151 258 2212 ah
275 2152 329 2213 alie
344 2151 516 2213 inventione
531 2150 682 2213 declinent
699 2151 824 2228 ideoque
840 2151 951 2231 optime
967 2163 1038 2214 sunt
1051 2154 1082 2214 in
1098 2151 1149 2214 de·

74 2237 182 2316 posito.

75 2489 120 2542 de'r
136 2489 245 2541 Absicbt
263 2488 309 2541 des
325 2487 510 2540 Demosthenes
531 2489 588 2540 ber·
639 2487 664 2538 in
683 2487 727 2539 der
746 2487 918 2554 cigentlicberr
935 2487 1086 2554 Bedentung
1104 2504 1151 2540 nur
1236 2493 1238 2498 '

75 2571 255 2677 {orgfigangen
268 2556 326 2608 dar:
339 2551 381 2608 ‘an
395 2555 519 2608 welchem
533 2556 587 2607 sich
639 2553 767 2675 hie3r²e··or.
1035 2621 1050 2673 d
1102 2623 1107 2634 ἱ

75 2763 81 2774 ⁹
94 2641 310 2813 ῐῖἓρῒιῦσξωνσί)
322 2689 416 2811 durcbb
426 2690 467 2742 die
485 2689 588 2742 Dichter
639 2637 1028 2810 οάεὲἆξῆἰξὲἒξζῆῐὲἒῐξίξέἓ
1041 2637 1151 2810 {bibres

74 2777 161 2882 ΠΙ311.θ
164 2765 278 2909 ᾦῗφιηεὲξ
280 2775 339 2879 ‘arbo
342 2764 463 2893 bbssbeb‘r,g
463 2773 589 2879 ‘eagrbnlbgb
675 2773 780 2892 Ζοῖιῗνίιῖ
800 2773 1153 2880 b'icbtrzuab'ersltnebbngbbn

74 2891 155 2960 sten',
182 2911 224 2947 wo
242 2890 377 2961 moglieb‘3
404 2895 505 2948 ibnlich
524 2893 589 2948 wird
640 2893 685 2947 der
694 2893 840 2960 Rdckseite,
852 2895 961 2948 sondern
974 2911 1024 2948 von
1038 2895 1083 2948 der
1094 2896 1152 2948 dem

73 2968 192 3016 maxime
210 2963 358 3030 gebraucht.
641 2962 1152 3032 Gescbriebenengegendberstelrenden.

111 3035 461 3097 cerie—membraneum,
476 3029 590 3083 diellor·
677 3033 717 3083 33.
750 3035 891 3097 notentur,
917 3027 994 3086 ‘leura
1025 3032 1154 3086 anizeich·

75 3101 137 3154 teile
153 3099 206 3152 und
218 3099 352 3152 Nechteile
370 3100 458 3153 beider
471 3099 589 3152 Schreib-
641 3093 708 3160 nen²,
726 3098 792 3151 ohne
805 3098 846 3152 dle
857 3099 1096 3168 Nebenbedeutung
1108 3101 1153 3153 dee

74 3169 214 3222 utensilien
231 3168 335 3221 werden
349 3167 482 3235 gescbielrt
494 3181 590 3234 gegen·
641 3163 762 3218 Tedelns.

74 3236 198 3292 einander
207 3237 375 3303 abgewogen.
393 3236 420 3288 ln
430 3236 478 3288 den
490 3235 590 3301 folgen-
675 3237 846 3299 inmmpamt,
868 3233 924 3286 bier
945 3233 972 3285 in
995 3234 1054 3286 sehr
1077 3235 1154 3318 abge·

75 3306 125 3359 den
136 3303 246 3370 Peregre
266 3305 316 3356 ben
326 3302 494 3370 gietheiut.
504 3303 589 3368 einige
641 3301 802 3354 scbwdcbter
819 3300 971 3368 Bedentnng
986 3295 1136 3354 ‘cintellem

73 3389 121 3427 ans
134 3372 180 3424 der
192 3321 335 3438 Erlebreng
346 3373 589 3437 hervorgegengene
675 3385 773 3420 seam.
810 3367 868 3434 Vgl.
888 3368 950 3435 Vlll,
963 3375 987 3434 t,
1000 3372 1026 3423 2:
1046 3384 1155 3421 eonsue—

74 3441 223 3510 prektiscbe
242 3439 342 3492 Winke.
642 3438 708 3489 tudo
731 3441 787 3489 iam
805 3441 904 3504 tenuit,
930 3443 962 3488 ut
983 3442 1070 3490 mente
1093 3453 1155 3488 con-

109 3511 184 3560 aieece
206 3507 353 3574 infiscatur,
382 3506 432 3558 wie
455 3505 503 3556 wir
524 3505 588 3557 anch
641 3511 716 3572 cepta
733 3521 848 3558 conane
865 3521 1033 3571 vocaremus,
1052 3507 1155 3557 lumina

75 3593 166 3645 segon,
182 3572 342 3629 ‘schwecbes
360 3567 481 3628 Gesicbt'.
641 3578 731 3626 cutem
750 3576 950 3640 praecipucque
973 3577 1002 3624 in
1025 3572 1154 3623 cumulis

111 3648 216 3711 exiget,
238 3645 308 3697 nicht
325 3643 407 3696 selten
426 3647 494 3694 eetnt
512 3640 590 3702 Qnin·
638 3645 731 3708 posito
751 3645 949 3694 sententiar.

77 3715 150 3768 tilian
169 3711 215 3765 elas
234 3713 372 3776 Futurum,
396 3725 438 3762 wo
457 3725 515 3762 man
540 3709 589 3762 den
676 3712 946 3774 interim—interim,
957 3711 1009 3759 erst
1018 3706 1059 3758 bei
1067 3705 1152 3768 Quint.

77 3780 238 3847 Konjunktiv
261 3780 306 3833 des
330 3778 439 3832 Presens
463 3781 589 3842 ermertet,
641 3775 1153 3843 inderBedeutungvonmodo-modo,

77 3867 99 3906 z.
124 3850 153 3902 B.
172 3847 203 3912 V,
221 3851 245 3912 2,
266 3851 294 3901 2:
320 3847 483 3910 refelluntur
501 3851 590 3898 autem
642 3845 703 3897 eber
712 3845 903 3911 gewdhnliclrer
912 3843 950 3895 als
960 3857 1152 3896 euno-*nene

77 3918 268 3986 (praeiudicia)
291 3934 357 3968 rere
380 3932 432 3984 per·
458 3919 592 3966 contume-
676 3918 741 3964 aunt
757 3916 787 3964 a'n
805 3913 937 3978 deposito,
955 3910 1000 3963 der
1019 3910 1153 3964 Ansdrucla

79 3989 143 4040 liam
167 3985 301 4049 iudicum,
328 3989 383 4036 nm
409 3984 482 4046 sorta
506 3986 592 4034 mani·
641 3983 677 4034 ist
694 3980 739 4034 der
756 3980 959 4046 Rechtssprecbe
977 3979 1107 4041 entlebnt,

461 4076 766 4092 w
