2796 4608
176 335 177 348 ,
263 286 304 350 bb
636 285 743 342 ulru‘r
761 287 833 352 ute
853 289 960 340 te-no.
1024 275 1026 280 ’

265 463 399 544 resupini
413 469 641 543 spectantesque
655 468 766 522 tectum
786 467 817 520 et
833 460 1040 540 cogitationem
1056 476 1209 520 murmure
1224 457 1340 538 agilan

265 560 309 612 tes
329 547 593 629 expectaverirnum
621 546 691 625 quid
714 545 865 620 obvenint;
891 546 939 606 sed
964 543 1035 624 quid
1056 562 1104 606 ros
1121 551 1238 623 poscat,
1266 543 1337 622 quid

265 651 423 715 perennem
439 634 551 706 donent,
567 631 646 710 quod
657 631 695 692 sit
706 638 831 710 tempus,
848 630 898 708 qui
910 629 1015 690 iudicis
1026 629 1151 702 animus,
1166 628 1265 688 intuiti
1281 629 1339 690 bn-

266 737 356 782 mano
370 718 496 797 quodem
516 717 606 780 modo
626 717 660 776 nd
681 715 871 777 scribendum
892 714 1110 776 accesserimus.
1141 713 1190 774 Sic
1205 712 1293 774 nobis
1307 723 1341 774 et

215 816 244 866 16
265 805 348 867 initio
363 812 393 864 et
408 820 484 882 quae
499 811 643 863 secuntur
658 809 762 864 nature
778 800 841 879 pso
856 799 1040 880 praescribit.
1071 799 1155 860 Certa
1171 807 1243 860 suut
1256 798 1336 859 enirn

268 890 407 969 pleraque
423 897 461 961 et,
484 887 539 948 nisi
554 887 752 958 coniveamus,
775 885 806 946 in
822 885 924 946 oculos
939 884 1112 959 incurrunt3
1139 883 1265 962 ideoque
1281 902 1338 944 nec

267 973 378 1036 indocti
394 991 450 1034 noc
464 972 567 1034 rustici
582 971 632 1033 (b'u
648 979 804 1050 quaerunt,
821 971 899 1031 unde
914 969 1073 1048 incipiant3
1089 987 1148 1048 quo
1164 968 1338 1049 pudendum

268 1067 316 1122 est
325 1058 426 1136 magis,
441 1057 466 1119 si
481 1049 682 1119 difficulln'tem
698 1055 769 1118 facit
783 1055 926 1118 doctrine.
957 1054 1023 1114 Non
1035 1072 1106 1133 orgo
1117 1059 1235 1134 semper
1249 1064 1338 1134 pute-

267 1161 333 1206 mus
348 1143 492 1223 optimum
507 1161 571 1204 esse
587 1143 664 1220 qnod
680 1141 764 1216 lntet3
780 1139 1013 1202 innotescemus
1027 1138 1147 1218 alioqui,
1163 1139 1187 1200 si
1203 1139 1278 1200 nihil
1292 1139 1336 1199 di-

217 1239 246 1289 1'1
267 1230 395 1292 cendum
415 1229 547 1289 videatur
568 1227 625 1288 nisi
648 1226 726 1305 quod
748 1243 810 1285 non
832 1224 1007 1286 invenimus.
1038 1224 1191 1284 Diuersum
1208 1233 1252 1284 est
1267 1225 1336 1285 buic

268 1331 371 1377 eorum
393 1313 504 1386 uitium,
531 1312 581 1392 qni
603 1311 699 1392 primo
720 1310 878 1372 decurrere
904 1327 958 1389 per
982 1309 1134 1370 materiam
1160 1308 1226 1370 stilo
1249 1327 1336 1388 quom

268 1399 449 1462 uelocissimo
467 1397 569 1458 volunt
584 1405 614 1457 et
628 1404 787 1475 sequentes
803 1395 930 1456 calorem
950 1403 1038 1473 atque
1053 1394 1195 1474 inpetum
1211 1413 1247 1454 ox
1262 1404 1337 1455 tem-

269 1503 341 1564 pore
356 1483 506 1556 scribunt;
517 1483 605 1544 'beno
619 1481 719 1542 silvem
735 1489 848 1542 vocent.
883 1479 1034 1559 Repetunt
1049 1479 1155 1542 deinde
1170 1488 1200 1539 ot
1215 1497 1338 1560 compo-

269 1577 344 1632 nunt
359 1587 434 1646 quoe
449 1567 631 1643 effuderant3
653 1567 705 1627 sod
725 1566 814 1627 uerba
829 1565 1023 1626 emcndantur
1039 1573 1068 1625 et
1090 1564 1216 1638 numeri,
1238 1575 1341 1628 manet

218 1663 245 1713 18
267 1654 299 1714 iu
314 1652 404 1714 rebus
419 1661 530 1713 temere
546 1651 696 1731 congestis
710 1669 785 1730 quoe
801 1650 856 1712 luit
870 1649 978 1711 levitas.
1011 1649 1150 1710 Protinus
1165 1668 1237 1729 ergo
1254 1651 1337 1712 adhi—

268 1737 340 1798 bere
354 1755 455 1800 curem
471 1737 579 1798 rectius
595 1737 651 1798 erit
672 1745 759 1815 atque
780 1734 816 1795 eb
837 1734 921 1795 initio
936 1735 979 1796 sic
998 1753 1074 1814 opus
1089 1735 1207 1808 ducere,
1222 1745 1258 1796 ut
1271 1755 1338 1796 cne-

269 1823 388 1884 londum
401 1827 461 1882 nori
474 1840 509 1882 ex
520 1822 637 1902 integro
650 1819 852 1881 labricnndum
868 1819 914 1880 sit.
945 1820 1109 1898 illique-ndo
1125 1829 1223 1880 tomen
1239 1821 1339 1881 adfec-

268 1915 316 1970 tus
329 1925 497 1986 monemur,
513 1907 543 1968 in
561 1907 669 1986 quibus
684 1909 745 1967 lere
759 1905 827 1984 plus
842 1904 922 1964 calor
936 1923 1024 1982 quem
1038 1905 1188 1984 diligentia
1203 1906 1287 1966 velet.

217 2000 245 2051 19
352 1993 428 2054 Satis
443 2001 564 2072 apparet
585 2011 620 2052 ex
642 2011 686 2066 eo,
708 1991 787 2070 quod
807 1989 883 2050 benc
905 1989 1098 2050 scribentium
1121 1991 1339 2070 neglegentiam

267 2077 384 2151 domno,
405 2077 474 2156 qnid
496 2077 532 2136 de
555 2077 611 2137 illis
633 2074 803 2136 dictandi
825 2073 936 2135 deliciis
957 2074 1091 2136 sentiam.
1121 2075 1193 2136 Nam
1215 2075 1245 2136 in
1270 2076 1337 2136 stilo

268 2162 387 2241 quidem
404 2161 564 2241 quemlibet
578 2169 737 2240 properato
755 2161 804 2220 det
817 2158 942 2238 aliquam
959 2159 1129 2236 cogitationi
1145 2179 1259 2222 moram
1275 2181 1337 2222 non

268 2264 457 2325 consequens
472 2246 651 2308 celeritatem
668 2245 730 2307 eius
741 2262 864 2319 manus3
879 2245 928 2304 ille
940 2245 987 2304 cui
999 2244 1142 2327 dictamus
1151 2255 1239 2324 urget
1250 2256 1339 2326 etque

269 2331 387 2394 interim
404 2331 494 2410 pudet
509 2331 595 2391 etiem
611 2330 745 2391 dubitare
759 2338 809 2390 aut
823 2329 960 2390 resistere
975 2337 1026 2389 rut
1036 2339 1153 2390 mutere
1167 2331 1249 2408 quasi
1264 2349 1341 2392 con·

217 2423 246 2474 20
268 2416 361 2478 scium
386 2415 564 2478 infirmitatis
586 2425 704 2476 nostroe
725 2417 871 2477 timentes.
901 2414 968 2485 Quo
983 2415 1024 2486 lit,
1048 2424 1156 2476 utnon
1172 2415 1339 2476 rudintnn-

268 2510 330 2562 tum
353 2510 382 2561 et
402 2499 520 2562 fortuito
543 2501 594 2562 sed
616 2500 768 2581 inproprie
790 2499 918 2572 interim,
942 2499 1010 2560 dum
1026 2499 1088 2560 solo
1103 2507 1147 2561 est
1162 2501 1339 2562 conectendi

268 2586 413 2653 sermonis
433 2585 585 2665 cupiditas,
612 2587 743 2661 effluent,
769 2602 844 2666 quae
867 2602 923 2646 nec
945 2583 1137 2646 scribentium
1159 2603 1257 2646 curam
1280 2605 1342 2646 nec

157 2704 162 2714 =
268 2671 427 2732 dicentium
448 2671 593 2750 impetum
613 2680 845 2750 consequantur.
876 2670 912 2728 dt
933 2668 1009 2728 idern
1033 2669 1091 2740 ille,
1112 2669 1162 2748 qui
1177 2669 1294 2748 excipit,
1315 2671 1342 2732 si

301 2806 325 2855 ci
341 2819 396 2855 non
413 2832 447 2842 -
464 2806 610 2868 αείἱαπίω,
629 2804 710 2856 kurue
726 2803 777 2856 und
861 2801 942 2865 alluo,
961 2802 995 2852 ist
1013 2801 1076 2853 nnclr
1095 2801 1152 2853 dem
1172 2801 1211 2852 bei
1231 2801 1279 2852 den
1294 2802 1341 2853 Ln-

269 2871 448 2924 anscbnulicbe
477 2870 658 2940 Sabilderung,
693 2871 777 2923 worm
827 2869 925 2934 teinern
960 2869 1079 2920 dielichen
1115 2869 1255 2921 Verlebren
1296 2870 1341 2921 die

268 2939 315 2990 wir
333 2939 453 3004 subrigens
475 2939 540 2991 noch
558 2941 667 2992 manche
683 2939 776 2992 andere
826 2936 1003 3003 Ubereetcung
1027 2937 1135 2988 dormit
1153 2937 1210 2989 dem
1230 2938 1342 3004 griechi-

268 3005 390 3058 treliende
408 3005 556 3058 Ansdrr'tclte
574 3007 664 3060 haben.
826 3005 903 3057 seben
918 3003 1007 3057 Worte
1018 3005 1180 3070 geudbnlicb
1195 3005 1341 3058 verbunde-

268 3073 695 3208 zddt‘tlltdtuldld
709 3074 777 3193 “dl
825 3067 1342 3207 lttssllltllloliltlt‘bittit

268 3210 333 3274 dem,
351 3209 396 3262 der
407 3179 461 3262 sicli
479 3211 505 3262 in
516 3211 647 3278 liegender
659 3211 777 3276 Stellung
827 3207 926 3274 Begrilf
949 3214 1001 3261 erst
1022 3210 1047 3260 in
1071 3209 1139 3261 siloa
1162 3179 1340 3277 bideingelegt

267 3277 388 3332 belindet.
827 3276 923 3330 werde.
1020 3293 1025 3302 ’

303 3349 342 3399 16.
360 3349 574 3412 innotescamus,
591 3348 632 3398 ein
645 3346 703 3398 sehr
715 3345 776 3396 selt-
863 3347 901 3398 te.
920 3361 986 3411 opus
1003 3345 1107 3410 duom,
1124 3345 1166 3397 ein
1185 3345 1266 3397 Wcrk
1284 3346 1343 3398 aul·
1392 3395 1393 3400 ,

267 3428 311 3466 ner
328 3413 461 3468 lusuruck
485 3419 548 3468 stntt
570 3414 615 3467 des
638 3417 711 3467 sonet
728 3413 774 3464 ub·
825 3412 934 3465 nehmen
952 3412 1005 3464 und
1022 3413 1170 3466 lortluhren.
1393 3420 1394 3475 ξ

266 3481 351 3534 lichen
370 3485 554 3534 obmutescere.
859 3483 888 3532 r'n
906 3483 1002 3548 quidue
1019 3509 1053 3520 -
1070 3481 1156 3546 valet,
1174 3481 1216 3533 die
1235 3481 1343 3533 Wirme

300 3551 412 3616 alioqui,
429 3551 455 3604 in
476 3551 520 3603 der
538 3549 682 3614 Folgcrnng
703 3549 773 3601 eines
824 3549 969 3615 uberwiegt
986 3548 1034 3602 den
1049 3549 1176 3615 etwoigen
1189 3548 1294 3616 Mnngel
1308 3566 1342 3601 an

267 3617 515 3671 Konditionnlsntzes
533 3617 613 3668 bllers
631 3617 673 3668 bei
687 3615 774 3677 Quint.
826 3616 996 3670 Korrektbeil.

266 3686 317 3753 vgl.
337 3689 352 3753 ᾗ
372 3690 412 3740 30.
862 3688 901 3737 19.
920 3685 1043 3750 deliciae,
1061 3685 1213 3738 beneicbnet
1229 3684 1271 3737 die
1296 3685 1343 3736 be·
1393 3720 1394 3723 η

302 3757 340 3808 1'l.
351 3755 493 3804 Diuersum
502 3780 534 3789 -
544 3753 615 3803 laic.
633 3750 678 3804 Bel
689 3751 774 3813 Quint.
826 3753 934 3806 sundere
946 3753 1064 3820 Neigung
1083 3769 1113 3806 zu
1127 3757 1208 3805 etune
1221 3753 1273 3804 und
1294 3753 1346 3804 dee

266 3821 317 3874 und
336 3820 568 3888 denSpiterenist
585 3819 716 3872 derllativ
733 3821 774 3872 bei
826 3819 1028 3888 Wohlgelsllen‚
1064 3822 1178 3874 welches
1211 3836 1270 3872 men
1309 3837 1342 3872 nn

265 3891 385 3944 dicerene
401 3887 609 3953 vorberrscbend,
627 3889 668 3941 bei
687 3889 774 3942 Cicero
827 3890 909 3942 einem
928 3889 1107 3956 Gegenstende
1126 3891 1177 3942 bet.

266 3960 306 4016 ab.
862 3959 900 4011 20.
914 3961 938 4008 er·
949 3958 1057 4009 tardior
1073 3963 1121 4010 cet.
1135 3957 1288 4010 bezeichnet
1299 3956 1343 4009 die
