2796 4608
247 237 287 302 78
636 244 745 298 CAPUT
763 245 805 298 Vl.
823 247 839 310 5
857 248 933 298 2-5.

245 419 343 492 modo,
367 419 447 496 quod
469 419 566 497 ipsun
587 417 658 480 satis
679 425 751 492 eret,
773 419 852 480 intra
872 437 904 480 se
925 417 991 498 ipse
1004 418 1145 497 disponit,
1161 417 1320 480 sedverba

245 504 333 566 etiam
345 504 464 582 copulat
475 512 627 582 totamque
638 503 678 564 ita
689 503 822 566 contexit
832 503 1007 577 orationem,
1023 512 1057 564 ut
1067 503 1095 564 ei
1110 501 1184 564 nihil
1198 511 1320 584 praeter

245 607 366 650 manum
381 588 464 650 desit.
495 589 567 648 Nam
583 588 743 649 meunoriee
754 607 874 667 quoque
885 588 1061 668 plerumque
1073 589 1231 650 inhaerent
1244 589 1318 649 lide-

245 675 310 748 lius,
327 691 402 752 qrrae
418 673 500 734 nulle
514 673 664 734 scribendi
679 673 837 734 securitate
852 675 996 734 lananmr.

330 759 388 820 Sed
405 777 443 819 ne
458 759 493 820 ad
513 759 590 820 hano
604 758 724 837 quidem
747 759 804 820 vim
825 758 974 838 cogitandi
990 757 1138 837 perveniri
1153 767 1319 836 potestant

207 853 221 902 e
242 843 340 906 samito
363 851 414 903 aut
432 843 500 904 cito.
541 843 614 904 Nam
636 843 766 922 primum
787 843 921 906 socienda
940 843 1035 904 multo
1056 843 1123 906 stilo
1144 844 1241 904 mrma
1260 853 1318 916 est,

244 947 320 1008 quoe
337 947 392 990 uss
407 928 494 990 etium
509 929 672 1008 cogitantes
686 937 842 1008 sequatur3
863 938 927 989 tum
942 929 1139 990 adsumendus
1155 947 1228 990 usus
1242 947 1318 1008 pnn-

154 1077 156 1082 ,
243 1013 332 1088 leiim,
354 1022 389 1073 ut
407 1032 501 1093 pauca
520 1014 649 1094 primum
671 1013 903 1094 complectamur
923 1013 1032 1088 animo,
1055 1033 1130 1092 quae
1146 1013 1228 1074 reddi
1243 1013 1317 1074 lide-

243 1099 311 1160 liter
332 1098 463 1178 possint;
489 1118 558 1162 mox
583 1117 636 1178 per
657 1099 843 1160 incrementa
863 1108 922 1159 tam
945 1099 1070 1173 modica,
1092 1108 1127 1160 ut
1149 1099 1266 1160 onerari
1283 1117 1317 1160 se

243 1182 327 1245 tabor
351 1183 399 1244 ille
422 1200 483 1246 non
505 1185 622 1257 sentiet,
645 1185 780 1263 augendo
801 1185 843 1246 vis
864 1193 893 1244 et
908 1184 1118 1246 exercitatione
1129 1184 1227 1245 mrdto
1241 1203 1317 1246 eon·

243 1268 364 1330 tinendo
385 1279 439 1342 est,
466 1287 541 1348 quae
563 1269 682 1348 quidem
704 1269 829 1330 menime
851 1288 888 1330 ex
909 1279 992 1348 parte
1019 1269 1162 1330 memoria
1187 1278 1315 1331 constat.

205 1362 220 1412 4
242 1353 371 1433 l'deoque
387 1354 484 1432 aliqua
500 1354 571 1414 mihi
585 1354 616 1414 in
632 1354 715 1414 illum
736 1355 834 1415 locum
849 1354 1012 1416 differenda
1025 1363 1106 1416 sunt.
1135 1353 1178 1414 llo
1194 1355 1317 1416 tandem

96 1435 101 1446 ’
243 1439 386 1519 pervenit,
402 1447 436 1499 ut
450 1439 484 1511 is,
500 1439 548 1499 oui
564 1458 626 1500 non
643 1440 809 1518 refragetur
823 1439 987 1519 ingenium,
1009 1439 1070 1500 aeri
1085 1439 1181 1501 studio
1197 1440 1316 1501 adiutus

198 1545 201 1552 ·
242 1531 357 1584 tentum
372 1533 582 1602 consequatur,
598 1524 672 1584 utel
687 1532 746 1584 tom
760 1543 836 1602 quae
847 1525 983 1604 cogitarit
994 1543 1081 1604 quam
1098 1528 1173 1603 quae
1184 1525 1315 1604 seripse-

241 1609 281 1670 rit
295 1617 383 1687 atque
399 1608 553 1668 edidicerit
567 1609 597 1668 iu
613 1608 740 1670 dicendo
752 1610 838 1670 iidem
850 1617 976 1672 servent.
1008 1609 1110 1670 Cicero
1127 1618 1208 1670 certe
1221 1609 1314 1670 Grae·

242 1711 346 1754 corum
361 1693 563 1754 Metrodorum
580 1694 734 1773 Scepsium
749 1703 778 1756 et
793 1694 949 1776 Empylum
964 1695 1111 1755 Rhodium
1127 1703 1315 1756 nostrorum-

243 1796 300 1856 que
313 1777 504 1840 Hortensium
515 1779 643 1852 tradidit,
659 1797 734 1857 quee
746 1781 955 1858 cogitaverant,
971 1781 1005 1840 ed
1018 1781 1140 1840 verbum
1153 1779 1184 1840 in
1198 1781 1314 1860 agendo

240 1862 385 1924 retulisse.

190 1956 218 2004 ·5
325 1948 383 2009 Sed
399 1947 423 2009 si
445 1949 521 2008 lorte
544 1947 634 2027 aliqui
656 1947 736 2008 iuter
756 1950 914 2010 dicendum
930 1948 1086 2010 obfulserit
1104 1951 1314 2029 extemporalis

241 2033 333 2106 color,
349 2052 411 2092 non
433 2033 636 2112 superstitiose
652 2034 786 2112 cogitetis
807 2035 925 2094 demum
940 2043 985 2096 est
999 2035 1224 2095 inhaerendum.
1255 2035 1315 2096 Ne-

240 2147 306 2200 Plin.
318 2147 365 2215 Ep.
377 2152 402 2212 9,
415 2151 456 2212 25,
467 2151 495 2201 3:
515 2165 586 2200 nune
602 2165 644 2200 me
660 2165 752 2202 rernm
803 2149 929 2200 nodosus
945 2153 975 2200 in
993 2149 1048 2202 XII
1064 2153 1158 2216 signis,
1176 2168 1228 2218 per
1245 2169 1315 2218 quas

240 2221 318 2269 actm
334 2218 449 2284 modies,
471 2217 519 2268 sed
535 2221 623 2269 tamon
640 2219 751 2270 dien-io·
800 2217 843 2266 sol
852 2222 929 2282 meat,
941 2223 1062 2270 domnos
1073 2224 1102 2269 et
1110 2235 1261 2286 sexagenos
1272 2224 1315 2272 in-

238 2288 291 2351 git.
800 2287 906 2336 venerit
922 2286 1001 2339 locos.

276 2356 299 2406 2.
314 2357 425 2420 praeter
442 2369 550 2406 manum
568 2354 585 2406 i.
604 2369 625 2408 e.
640 2358 752 2421 praeter
835 2353 974 2422 limpplw,
994 2355 1057 2408 wird
1069 2355 1189 2422 uirgends
1203 2371 1255 2408 ron
1274 2356 1316 2408 Ci-

239 2421 337 2474 stilum.
802 2436 860 2474 cero
878 2423 1002 2476 erudiunt.

275 2491 299 2541 4.
317 2492 347 2539 in
364 2487 441 2538 illum
454 2489 549 2551 locum,
569 2489 681 2541 welcher
698 2505 750 2542 von
830 2491 1032 2555 nostrorumim
1040 2490 1316 2558 GegensatnzuGr-ae-

239 2556 296 2610 dem
317 2556 471 2609 Gediehtnis
493 2557 605 2621 dendelt,
624 2573 644 2610 s.
664 2557 705 2622 xi,
724 2561 747 2610 2.
799 2573 900 2622 eorem,
916 2573 968 2611 von
985 2573 1094 2611 unseren
1113 2559 1293 2613 Lendsleuten.

271 2627 401 2691 peruenit,
420 2625 495 2678 nimi.
514 2628 562 2678 vis.
833 2626 1121 2694 Hortensiumgsfflrut.
1131 2629 1172 2694 88,
1182 2629 1313 2681 tumme-

273 2693 453 2758 Metrodorus,
476 2709 522 2745 eus
541 2692 661 2760 Skepsis,
679 2693 749 2745 einer
798 2697 887 2745 moria
912 2699 1003 2757 tenta,
1030 2701 1157 2762 quantam
1183 2698 1212 2746 in
1233 2695 1313 2746 mullo

239 2761 314 2814 Stadt
331 2761 358 2812 in
375 2760 468 2824 Troos,
491 2761 598 2813 Schirler
621 2759 667 2812 des
688 2760 749 2813 Ker—
799 2765 953 2827 cognovisse
975 2779 1016 2813 me
1032 2766 1164 2829 arbitror,
1190 2769 1222 2815 ut
1243 2779 1314 2830 quoe

238 2829 340 2882 nendos
380 2827 471 2880 Seines
494 2829 677 2895 vorzirglichen
701 2827 749 2880 Ge·
798 2846 886 2880 seeum
904 2836 1096 2882 commentatus
1112 2835 1186 2896 esset,
1204 2849 1236 2883 eo
1252 2833 1314 2882 sine

238 2897 402 2949 dichtnisses
421 2911 511 2963 wegen
536 2897 623 2948 riihmt
646 2897 691 2948 ilrn
709 2897 749 2948 Gi·
798 2901 899 2964 scripto
908 2901 996 2950 verbis
1003 2899 1101 2950 eisdem
1110 2899 1241 2963 redderet,
1252 2904 1314 2966 qui·

238 2980 296 3017 cero
315 2963 390 3017 'lusu
402 2964 420 3028 l,
432 2969 472 3028 24,
485 2969 518 3018 59
537 2965 620 3017 neben
639 2963 749 3016 Simoni·
801 2969 849 3017 ltus
866 2969 1044 3032 cogitavisset
1081 2969 1137 3019 Hoc
1156 2968 1313 3020 adiumento

122 3077 125 3083 Α
238 3032 292 3095 des,
302 3030 475 3096 Theodektes,
483 3033 585 3100 Hinees,
595 3033 748 3086 Charmadas
799 3034 847 3084 ille
862 3039 938 3086 tuoto
954 3038 994 3086 sio
1011 3038 1152 3101 waher,
1168 3041 1199 3087 ut
1215 3052 1269 3087 sua
1283 3042 1315 3088 et

237 3101 290 3154 und
315 3101 477 3163 Hortensius,
504 3101 575 3152 seiue
597 3099 748 3154 Vendienste
800 3107 976 3155 commentato
1002 3109 1030 3155 et
1051 3107 1153 3170 scripta
1180 3109 1208 3154 et
1234 3105 1313 3156 nullo

237 3184 281 3222 nm
289 3168 450 3235 Ausbildung
462 3168 506 3220 der
515 3168 749 3222 Gedichtnislmnst
798 3169 931 3232 referente
965 3175 1057 3224 omnia
1093 3173 1315 3224 aduersariorum

239 3237 510 3301 demetriadem:
531 3237 595 3290 Vidi
612 3239 682 3288 enim
699 3253 747 3303 ego
799 3239 871 3290 dieta
883 3243 1051 3294 meminisset.
1078 3239 1311 3306 Quintxttm:

237 3321 352 3357 summm
369 3307 487 3357 doctiores
510 3309 537 3354 et
554 3305 648 3356 diuina
662 3321 748 3371 prope
799 3313 824 3358 et
844 3305 962 3367 forsitan
985 3311 1035 3360 doe
1059 3314 1123 3360 sunt
1139 3309 1242 3373 adiuti,
1261 3313 1313 3375 qui

237 3376 373 3439 memorio,
390 3375 502 3424 Athenis
515 3373 700 3438 Charinum,
717 3377 748 3424 in
797 3379 923 3427 auctione
955 3377 1083 3442 diruisse,
1116 3378 1182 3443 quid
1212 3381 1314 3444 cuique

236 3443 315 3507 Asia,
342 3457 419 3508 quem
445 3443 532 3492 viuere
560 3441 639 3492 nodis
661 3445 747 3507 aiunt,
796 3443 977 3495 vendidissent
1003 3447 1110 3496 mettim
1137 3449 1312 3510 argentario-

238 3510 373 3576 Seepsium
401 3508 600 3570 Metrodorum,
633 3525 745 3575 quorum
796 3513 1314 3580 memtaduiisreddidemmt,qeodprae·

236 3583 348 3645 uterque
365 3583 501 3642 tamquam
516 3577 615 3628 litteris
631 3581 663 3628 in
676 3594 745 3643 cero,
796 3581 893 3630 stitisse
913 3583 942 3643 (t.
959 3581 1130 3632 Hortensium
1148 3583 1250 3634 dionei.

236 3651 274 3696 sie
290 3663 318 3697 se
330 3648 420 3698 aiebat
429 3647 594 3710 imaginibus
610 3649 640 3697 in
657 3649 691 3697 iis
709 3647 746 3697 lo·
831 3652 855 3701 5.
874 3649 1065 3714 setemporatts
1084 3649 1171 3714 color,
1190 3649 1312 3702 bezeich-

235 3715 746 3860 titetttttttidtttttdtttt
797 3715 1312 3851 retinuissetque

234 3849 303 3902 Uber
312 3849 450 3902 denselben
460 3855 519 3916 sagi
527 3850 611 3912 Quint.
620 3851 661 3914 ill,
669 3853 745 3916 ml:
798 3850 887 3917 erhilt,
905 3852 958 3918 vgl.
978 3856 1000 3914 1,
1020 3855 1060 3906 59.

235 3917 293 3981 Quo
312 3919 400 3982 magis
420 3920 518 3983 miror,
539 3921 671 3985 quemme
694 3919 747 3969 Me-
832 3919 944 3986 dsmum,
961 3915 1042 3972 ‘eben
1061 3916 1134 3984 nur’,
1158 3913 1311 3975 'besonders
