2796 4608
373 267 375 272 ·
441 265 548 320 orror
566 267 604 322 ιι.
622 267 639 336 s
656 271 765 324 ιιι-ιι.
1096 267 1136 330 er

67 440 180 502 tardior
199 440 230 502 in
257 438 415 504 scribendo
437 449 487 504 aut
507 441 649 504 incertior
670 441 701 504 in
723 441 923 520 intellegendo
943 443 1023 506 velut
1043 444 1137 506 olien-

65 525 237 588 satorlnit:
259 524 412 586 inhibetur
433 545 552 602 cursus,
578 535 666 605 etque
688 527 785 588 omnis
811 544 887 605 quae
908 535 972 590 erat
993 538 1137 609 concepta

65 610 175 672 mentis
199 610 326 672 intentio
352 628 435 672 mora
460 619 490 671 et
515 611 664 674 intenlnm
688 611 839 674 iracundia
864 611 1021 674 excutitur.
1062 613 1138 676 Tum
1159 625 1187 676 21

64 695 129 767 illa,
156 713 230 774 quae
256 695 390 756 citiorem
414 695 504 756 animi
529 704 643 756 motum
667 705 810 758 secuntur
830 715 965 776 quaeque
987 699 1050 777 ipsa
1072 699 1136 760 ani·

64 797 147 840 mum
162 779 380 860 quodammodo
394 780 557 854 concitant,
578 798 705 858 quorum
727 789 772 842 est
793 781 900 844 iactare
921 801 1052 856 manum,
1074 793 1136 846 tor·

62 883 157 943 quere
172 865 300 939 vultum,
322 865 419 926 lemur
439 873 470 925 et
489 863 567 926 letus
579 863 698 926 interim
720 864 894 944 obiurgare,
916 885 1050 948 quaeque
1064 869 1136 930 Per·

60 950 127 1012 sius
154 958 252 1023 notat,
278 967 346 1010 eum
372 949 475 1012 leviter
499 949 616 1014 dicendi
642 949 923 1029 genussigniticat,
947 953 973 1012 N
981 972 1021 1014 eo
1047 953 1134 1033 plu-

59 1043 194 1109 teum,
227 1035 333 1114 inquit‚
359 1034 504 1096 caedit
527 1053 603 1096 neo
629 1035 828 1098 demorsos
848 1036 949 1114 sapit
973 1057 1134 1118 ungues,

57 1121 152 1181 etiam
177 1119 299 1180 ridicula
324 1127 407 1193 sunt,
434 1119 490 1182 nisi
515 1137 583 1180 eum
609 1119 664 1181 soli
690 1138 801 1183 sumus.
837 1119 971 1199 lienique
992 1131 1025 1184 ut
1044 1124 1137 1186 semel
1158 1133 1186 1184 22

56 1205 145 1285 quod
165 1213 211 1266 est
230 1204 466 1284 potentissimum
487 1204 599 1279 dicam,
618 1213 781 1280 secretum,
801 1204 883 1284 qnod
896 1203 1034 1268 dictando
1048 1209 1135 1286 perit,

56 1300 152 1370 atque
166 1289 293 1350 liberum
307 1289 425 1350 arbitris
440 1289 540 1352 locum
554 1299 585 1350 et
598 1309 688 1368 quam
705 1290 878 1354 altissimum
892 1289 1042 1354 silentium
1062 1293 1135 1354 scri·

57 1375 202 1438 bentibus
216 1374 340 1436 maxime
362 1374 522 1436 convenire
544 1393 632 1436 nemo
647 1374 832 1438 dubitaverit.
861 1374 928 1436 Non
948 1384 1047 1438 tamen
1064 1394 1135 1455 pro·

57 1461 143 1524 tinus
163 1459 301 1521 audiendi
322 1459 373 1538 qui
393 1460 520 1520 crodunt
539 1459 688 1539 aptissima
708 1460 739 1522 in
761 1461 819 1522 hoo
839 1478 960 1522 nemora
980 1460 1136 1540 silvasque,

58 1546 141 1625 qnod
156 1544 205 1606 illa
219 1544 292 1606 caeli
313 1543 431 1606 libertas
451 1544 645 1623 locorumque
663 1545 824 1608 amoenitas
834 1545 990 1608 sublimem
1002 1545 1133 1608 animum

58 1640 90 1692 et
111 1631 273 1694 beatiorem
295 1629 431 1709 spiritum
452 1637 566 1708 pirent.
602 1629 673 1690 Mihi
699 1638 778 1692 certe
801 1631 951 1692 iucundus
971 1631 1020 1692 hie
1041 1631 1135 1710 magis
1155 1640 1184 1690 ta

58 1735 149 1794 quem
170 1715 335 1776 studiorum
356 1715 490 1776 hortator
511 1713 626 1775 videtur
652 1732 717 1776 esse
738 1732 880 1778 secessus.
920 1716 1054 1796 Namque
1074 1716 1133 1790 illc,

58 1820 136 1880 quae
158 1801 221 1880 ipsa
242 1799 398 1874 delectant,
423 1817 546 1862 necesse
571 1807 617 1862 est
637 1807 763 1860 avocent
783 1799 821 1859 ab
843 1800 1011 1862 intentione
1034 1801 1133 1880 operis

56 1885 207 1948 destinati.
248 1885 351 1963 Neque
368 1884 449 1946 enim
469 1903 502 1946 se
521 1883 601 1946 bona
622 1883 679 1946 lide
701 1884 733 1945 in
755 1883 846 1946 multa
867 1883 955 1948 simul
976 1885 1133 1948 intendere

55 1972 176 2033 animus
186 1977 282 2032 totum
293 1977 400 2049 potest,
416 1978 445 2030 et
456 1987 645 2049 quocumque
657 1969 795 2048 respexit
810 1968 920 2032 desinit
930 1969 1040 2052 intueri
1051 1970 1132 2048 quod

55 2056 246 2136 propositum
268 2063 341 2116 erat.
374 2055 472 2126 Quare
493 2055 631 2116 silvarum
652 2054 814 2118 amoenitas
834 2063 865 2115 et
884 2052 1132 2134 praeterlabentia
1154 2063 1182 2115 ll

55 2141 182 2204 flumina
197 2150 227 2202 et
240 2140 423 2219 inspirantes
442 2140 531 2202 ramis
553 2139 694 2201 arhomm
714 2157 803 2202 aurae
824 2140 1038 2219 volucrumque
1059 2158 1130 2204 oan-

55 2238 106 2290 tus
133 2227 241 2306 etipsa
260 2225 318 2286 late
339 2224 597 2305 circumspiciendi
617 2224 738 2287 hbertas
753 2225 789 2286 arl
804 2244 835 2288 se
850 2225 986 2302 trahunt3
1013 2234 1045 2288 ut
1058 2225 1130 2288 mihi

54 2313 209 2374 remittere
223 2310 323 2391 potins
337 2310 471 2389 voluptas
485 2310 541 2372 ista
555 2310 688 2372 rideatur
701 2311 910 2389 cogitationem
926 2329 1014 2389 quam
1029 2311 1129 2374 inten-

55 2399 136 2459 dere.
166 2395 380 2458 Demosthenes
393 2395 508 2468 melius,
523 2395 575 2473 qui
596 2413 627 2456 se
650 2395 681 2454 in
703 2395 812 2468 locum,
834 2414 870 2456 ex
891 2413 951 2473 quo
974 2396 1054 2456 nulla
1077 2413 1128 2456 ex·
1149 2403 1179 2454 25

54 2482 153 2544 audiri
166 2500 222 2542 vox
237 2489 267 2542 et
281 2499 316 2542 ex
332 2498 391 2559 quo
408 2479 481 2540 nihil
504 2478 635 2558 prospici
650 2486 759 2556 posset,
780 2479 969 2552 recondebat,
992 2497 1030 2539 ne
1051 2478 1129 2540 aliud

54 2585 146 2648 agere
167 2575 297 2627 mentem
324 2571 467 2644 cogerent
491 2562 578 2624 oculi.
614 2561 743 2641 ldeoque
769 2561 959 2624 lucubrantes
980 2561 1130 2624 silentium

54 2653 155 2714 noctis
169 2659 198 2712 et
209 2652 340 2712 clausum
353 2647 523 2710 cubiculum
534 2656 564 2708 et
574 2647 675 2708 lumen
687 2664 781 2707 unum
798 2645 877 2706 velut
892 2653 986 2706 tectos
1003 2645 1129 2708 maxime

52 2787 116 2840 nble
128 2785 204 2851 lage,
221 2784 248 2835 in
260 2782 359 2835 welche
372 2781 424 2846 der,
441 2780 565 2834 welchem
650 2783 691 2834 rt.
704 2783 828 2845 torquere
836 2780 947 2844 υιιίιιιιιι,
957 2771 1013 2832 ‘uas
1024 2779 1128 2834 Geeicht

53 2854 162 2907 oiktiert
174 2851 246 2918 pirri,
263 2851 342 2903 leicht
356 2851 437 2917 gerit,
450 2863 525 2902 wenn
538 2865 566 2902 er
616 2842 760 2902 verirehn'.

52 2924 127 2975 nicht
145 2920 244 2974 schnell
260 2933 347 2986 genus
366 2917 566 2972 neohsebreihen
650 2919 795 2982 obiurgare
811 2940 845 2962 ε
862 2915 980 2970 caedere.

51 2991 138 3044 kann:
151 2988 183 3041 de
194 2989 265 3041 seine
277 2983 510 3040 hulmerhsamlreit
522 2986 568 3039 aul
649 2987 765 3050 Ρονείιιε,
782 2982 836 3038 Sat
857 2988 878 3048 l,
899 2985 955 3038 too.

50 3061 94 3113 (lie
106 3053 568 3121 nachcnholendenWortegerichtet
650 3055 690 3106 22.
710 3057 797 3118 atque,
814 3051 866 3117 egl.
884 3053 908 3116 i,
927 3053 968 3106 20.

51 3129 94 3192 ist,
115 3141 145 3178 so
162 3124 266 3177 verliert
284 3138 311 3176 er
323 3123 402 3175 leieht
418 3122 468 3174 (len
480 3123 565 3175 Faden
649 3123 788 3188 aptr‘eer'ma
798 3119 1127 3187 inhoannpewhhnliche,

50 3195 106 3248 und
124 3193 169 3246 het
179 3192 254 3244 ¹‹lnrm
266 3191 337 3244 nicht
354 3191 426 3243 mehr
438 3190 484 3242 das
497 3190 565 3243 volle
615 3187 785 3242 ‹lichterisehe
798 3185 991 3253 Konstrulrtion
1005 3191 1069 3242 statt
1080 3187 1126 3242 dec

51 3260 231 3316 Verstinrlnis.
615 3255 704 3309 lletivs
721 3254 783 3308 celer
795 3255 839 3317 ad,
857 3255 899 3308 bei
909 3253 994 3316 Quint.
1004 3271 1051 3310 nur
1062 3255 1124 3310 hier.

84 3331 163 3383 uelut
178 3328 324 3392 αθηναῖοι·
334 3325 398 3389 fuit,
416 3324 461 3376 rler
473 3325 566 3390 gewis-
650 3327 692 3377 tt.
708 3324 844 3376 nautum
860 3351 893 3362 -
911 3324 1061 3388 intendere,
1079 3323 1125 3378 (las

51 3397 194 3453 sermnhen
216 3393 407 3458 Vernnlnssung
433 3407 491 3444 cum
514 3392 566 3444 bn·
615 3391 674 3446 Bild
697 3392 734 3444 ist
750 3389 866 3444 entlebnt
883 3406 934 3444 von
952 3391 1010 3444 dem
1028 3389 1125 3458 Bogen.

51 3467 117 3520 stols
135 3465 214 3533 giebt.
242 3463 388 3526 offererator
405 3460 503 3513 kcmmt
519 3475 566 3512 nur
649 3460 774 3526 uoluptas
790 3461 851 3523 ieta,
867 3452 918 3512 ‘die
935 3453 1051 3511 Wonne’.

51 3537 107 3588 hier
124 3547 173 3586 vor
185 3531 237 3585 und
250 3529 312 3582 wird
326 3528 391 3584 euch
402 3527 482 3580 durch
493 3527 567 3579 velut
650 3531 692 3583 25.
709 3527 903 3591 Demosthenen,
929 3526 982 3591 vgl.
1003 3525 1125 3580 Plutarch

50 3605 88 3656 ale
109 3598 309 3668 nngewbhnlieb
321 3596 480 3649 bezeichnet.
499 3599 522 3659 l,
532 3598 564 3648 1o
616 3596 687 3650 ilem.
704 3599 732 3648 l:
754 3595 783 3648 ix
800 3589 896 3647 ceriaco
914 3590 1058 3664 κατάγειον
1074 3594 1124 3652 μὲν

51 3670 205 3725 bezeichnet
221 3667 354 3732 efferum-e
371 3664 435 3730 tien,
453 3663 565 3718 weleber
615 3659 792 3730 hinnientium
815 3657 1020 3745 peierprripepm
1047 3654 1064 3712 δ’
1089 3656 1124 3726 δὴ

51 3740 96 3792 dae
109 3736 225 3792 Stoclren
237 3735 281 3788 der
294 3733 363 3786 liele
378 3732 563 3797 hervorbringt.
616 3728 761 3796 occatam
777 3735 825 3783 καὶ
841 3729 901 3782 καθ
931 3743 1006 3796 mccc.

75 3810 223 3872 concepta,
236 3802 338 3856 ihnlleh
348 3805 372 3866 7,
385 3805 416 3855 14
427 3802 492 3852 hene
503 3815 564 3852 eon·
650 3816 755 3867 cogere,
777 3799 804 3851 in
826 3797 1053 3865 abgeschwbchter
1076 3796 1124 3850 Br-

51 3879 123 3944 ceptr'
140 3871 265 3934 adfectus
280 3869 391 3936 11,·zo,4
409 3871 486 3921 ouius
497 3871 564 3920 ima-
614 3869 737 3934 dentone,
755 3867 804 3920 wie
823 3867 897 3920 Corn.
914 3865 979 3934 Nep.
991 3864 1055 3922 Mitt.
1065 3870 1089 3934 i,
1102 3871 1122 3920 l.

47 3948 143 4008 girran
160 3944 249 3993 animo
268 3942 442 4005 concepimus.
615 3936 685 3992 Suet.
702 3935 794 3990 Domit.
814 3937 853 3988 11.

887 4022 919 4073 5*
