2796 4608
233 241 273 305 80
614 246 722 300 eteur
741 246 824 313 vus
845 250 918 300 ι-ι.

194 429 209 480 t
230 429 390 482 vestanen
407 422 509 500 possit.
541 421 692 500 Siquidem
714 421 945 484 innumerabiles
966 421 1105 484 accidunt
1119 422 1234 484 subitae
1250 442 1307 486 ne·

232 506 382 567 cessitates
402 505 447 567 vei
467 506 544 586 apud
566 506 750 584 magistratus
769 507 816 568 vel
835 507 1063 586 repraesentatis
1077 507 1192 570 iudiciis
1207 509 1307 570 eonti-

233 610 294 652 nun
309 590 425 668 agendi.
456 590 587 662 Quarum
608 592 633 652 si
648 610 717 670 qua,
733 611 794 654 non
816 592 882 652 dice
905 591 1083 671 cuicumque
1097 592 1304 654 innocentium

232 675 349 750 uirium,
371 677 422 737 sed
434 677 598 737 amicerum
614 695 648 738 ae
666 677 904 756 propinquorum
915 677 1002 738 alicui
1013 679 1159 740 evenerit:
1175 677 1305 740 stabitne

232 769 331 822 mutus
346 770 376 821 et
389 761 546 822 salutarem
561 761 732 840 petentibus
753 781 854 823 renem
873 762 1040 841 statimque,
1063 763 1088 824 si
1103 782 1165 824 nen
1180 781 1305 824 sueeur-

232 853 324 919 ratur,
341 845 480 925 perituris
495 865 593 908 moras
607 856 637 908 et
651 866 800 910 secessum
815 856 845 908 et
859 847 1009 908 silentium
1024 857 1155 927 quaeret,
1171 848 1242 910 dum
1257 849 1307 910 itta

232 930 321 992 rerba
335 929 518 993 fabricentur
533 940 563 994 et
577 933 736 994 memoriae
753 932 883 994 insidant
897 941 926 994 et
938 951 992 992 vox
1007 950 1041 994 ae
1055 933 1131 995 latus
1146 951 1305 1013 praepare·

195 1025 210 1074 3
231 1013 302 1076 tur?
318 1015 400 1086 Quae
416 1033 484 1077 vern
500 1017 611 1096 patitur
630 1018 688 1079 hue
702 1018 787 1092 ratio,
810 1026 843 1078 ut
857 1017 1012 1096 quisquam
1030 1017 1122 1097 possit
1136 1027 1238 1080 uratur
1252 1018 1306 1080 ali·

233 1101 352 1180 quande
373 1101 509 1164 emittere
531 1100 637 1164 easus?
667 1102 759 1176 Quid,
787 1121 856 1164 cum
875 1103 1040 1164 adversarie
1061 1103 1307 1183 respondendum

233 1184 303 1258 erit,
324 1184 396 1247 fiet?
425 1187 498 1248 Nam
515 1205 602 1267 saepe
624 1206 674 1260 ea,
697 1207 772 1268 quae
793 1187 905 1266 opinati
927 1206 1029 1250 sumus
1055 1198 1085 1249 et
1104 1198 1209 1250 eontra
1229 1207 1306 1266 quae

232 1269 413 1350 scripsimus,
429 1272 543 1344 fallunt,
559 1291 593 1334 ae
611 1282 672 1333 teta
683 1272 781 1334 subito
793 1290 879 1334 eausa
890 1281 1036 1348 mutatum
1051 1283 1140 1352 atque
1154 1283 1185 1335 ut
1195 1272 1307 1352 guber-

233 1356 329 1417 natori
350 1358 385 1418 ad
405 1357 544 1418 incursus
559 1358 777 1437 tempestatium
790 1359 833 1419 sie
854 1357 953 1436 agenti
968 1359 1003 1420 ati
1019 1359 1187 1420 uarietatem
1202 1377 1306 1420 eausa-

193 1453 210 1506 4
231 1459 297 1502 rum
312 1442 388 1504 ratio
405 1441 545 1503 mutanda
561 1453 615 1504 est.
645 1442 722 1514 Ouid
737 1461 827 1522 porro
842 1443 952 1504 multus
966 1444 1051 1506 stilus
1066 1452 1095 1504 et
1109 1444 1229 1506 adsidua
1244 1443 1306 1505 lee-
1389 1477 1390 1526 ;

233 1527 274 1587 tio
295 1536 325 1588 et
346 1528 435 1606 longa
455 1527 620 1588 studiorum
643 1537 722 1590 aetas
741 1528 825 1602 iaeit,
852 1528 876 1590 si
897 1537 998 1589 manet
1019 1529 1121 1590 eadem
1148 1547 1223 1608 quae
1249 1528 1306 1590 tuit

232 1610 446 1691 incipientibus
461 1611 637 1674 difficultas?
658 1613 774 1675 Perisse
789 1614 924 1692 profecte
940 1614 1143 1676 confitendum
1159 1623 1204 1676 est
1217 1632 1306 1694 prae·

233 1696 354 1756 teritum
375 1695 517 1771 lahorem,
541 1697 588 1758 eui
608 1717 725 1778 semper
745 1699 822 1760 idem
837 1698 1031 1760 laborandum
1046 1708 1100 1760 est.
1130 1699 1233 1778 Neque
1249 1718 1306 1778 ege

232 1781 290 1842 hoc
310 1799 375 1860 agn,
402 1790 435 1842 ut
454 1799 490 1842 ex
512 1791 647 1862 tempore
668 1785 767 1844 dicere
787 1783 868 1844 malit
887 1784 939 1844 sed
960 1793 993 1844 ut
1014 1785 1116 1863 pessit.
1152 1784 1183 1845 ld
1207 1793 1306 1844 autem

233 1865 356 1927 maxime
372 1866 428 1928 hee
443 1867 532 1928 modo
548 1887 776 1948 consequemur.

195 1964 210 2014 5
316 1952 389 2012 Nota
405 1952 443 2013 sit
458 1953 586 2032 primum
602 1954 717 2016 dicendi
733 1953 787 2016 via.
817 1953 920 2031 Neque
936 1953 1016 2014 enim
1031 1954 1115 2032 prius
1130 1953 1307 2032 contingere

232 2083 365 2150 Prignenn
392 2084 523 2152 angeirigt.
567 2085 614 2138 Ein
642 2087 743 2138 seleher
828 2088 851 2138 3.
868 2087 950 2150 ratio,
967 2085 1009 2138 die
1027 2084 1137 2140 Theorie
1154 2085 1307 2138 derBered-

232 2151 561 2205 Anwaltwirdtniteinem
574 2151 742 2206 Steuermann
794 2152 910 2204 semireit.
948 2151 1089 2220 Wichtiger
1110 2153 1148 2205 als
1170 2154 1211 2206 die
1229 2153 1308 2220 prais·

232 2219 381 2285 rergliehen
399 2222 428 2281 (s.
442 2219 458 2287 ἕ
471 2225 509 2286 3),
527 2221 584 2285 der,
608 2222 675 2274 ohne
694 2221 743 2274 deu
795 2221 894 2274 tisehen
908 2221 1082 2274 Riteirsiehten
1099 2222 1157 2274 sind
1170 2222 1211 2274 die
1223 2221 1307 2274 Grun-

233 2287 360 2340 Geiaiuen
370 2287 422 2339 und
432 2287 670 2356 Schwierigireiten,
682 2289 743 2341 wel·
794 2289 834 2353 de,
845 2289 942 2341 welche
950 2289 1307 2356 ausderTheuriegesehepit

234 2354 744 2422 chejedenAugenbliekeintretenken·
795 2357 905 2410 werden.

234 2438 291 2488 nen,
310 2424 462 2489 gewaehsen
485 2441 516 2478 zu
535 2426 603 2488 sein,
627 2426 681 2478 sich
699 2441 743 2478 an·
829 2428 958 2490 emittere,
976 2423 1027 2491 vgi.
1045 2423 1095 2489 vlt,
1112 2429 1134 2490 1,
1147 2428 1188 2478 19:
1207 2440 1262 2476 aaa
1274 2430 1309 2475 ut
1390 2461 1391 2488 ,

234 2491 349 2558 heisehig
363 2493 449 2544 maeht
467 2493 492 2545 in
505 2494 580 2546 einen
592 2491 671 2546 Haien
690 2495 744 2546 ein·
794 2494 934 2546 damnasse
952 2496 1196 2558 emmerentianae)
1214 2493 1307 2544 uidea—
1390 2543 1391 2554 ,

232 2559 369 2625 zulauien,
399 2560 492 2614 dessen
521 2561 638 2628 Eingang
664 2561 744 2616 durch
794 2579 864 2627 mur,
880 2562 927 2613 aed
943 2565 1074 2626 emisisse,
1093 2564 1157 2628 quin
1172 2563 1309 2627 passimus
1390 2617 1391 2630 ,

233 2626 342 2696 Kiippen
367 2627 418 2680 und
436 2628 590 2682 Sandbanire
611 2631 744 2696 gesihrdet
795 2632 875 2682 etiam
891 2632 949 2682 sine
965 2633 1003 2682 eie
1020 2633 1135 2683 vincere.
1390 2659 1391 2670 ι

232 2695 274 2748 ist.
829 2715 913 2749 casm.
940 2697 1025 2759 Quint.
1044 2697 1105 2749 hebt
1120 2697 1229 2750 vieliach
1247 2697 1309 2748 her-
1390 2723 1391 2730 ι

267 2767 291 2816 2.
309 2768 528 2830 repraesentatis,
548 2757 680 2832 ‘pietalieh
698 2780 743 2816 an·
795 2782 849 2830 rer,
868 2765 922 2818 deis
940 2767 985 2819 der
998 2765 1096 2818 Retinet
1108 2765 1149 2818 die
1158 2766 1309 2818 Zwiseiten-
1390 2769 1391 2772 ’

233 2827 371 2897 gestellte'.
407 2831 464 2898 Vgi.
482 2833 554 2885 Caes.
573 2832 602 2888 B.
620 2833 649 2885 G.
666 2833 685 2899 1,
697 2837 744 2886 tu:
796 2835 857 2886 i'aile
869 2834 991 2886 wabrensi
1003 2833 1156 2886 derriktinn
1168 2835 1307 2897 benutnen,

232 2917 273 2964 re,
295 2901 368 2965 quod
389 2903 419 2951 in
436 2901 585 2966 tongimem
602 2902 673 2952 mam
691 2903 744 2954 eol-
793 2903 849 2955 sieh
867 2902 943 2954 nieht'
955 2902 1069 2970 peinlich
1086 2918 1118 2956 au
1131 2903 1177 2956 das
1188 2901 1310 2967 Konzept

233 2968 340 3018 Iuturnae
364 2972 443 3033 esset,
468 2975 743 3034 repraesentaturum.
794 2970 887 3023 binden
905 2975 1007 3031 musse3
1026 2971 1078 3036 vgi.
1091 2976 1112 3034 i,
1123 2974 1147 3022 2.
1162 2974 1212 3035 3,3.
1224 2975 1247 3035 i,
1264 2973 1308 3022 30.

235 3035 295 3088 Sen.
312 3036 395 3103 Epist.
408 3041 455 3090 95:
476 3039 545 3088 Petis
562 3055 579 3090 a
597 3053 646 3104 me,
663 3043 696 3090 ut
706 3040 744 3104 id,
794 3039 835 3102 vt,
856 3043 877 3103 1,
895 3041 942 3092 42:
968 3044 1015 3105 qut
1037 3056 1054 3091 a
1076 3039 1140 3090 stite
1162 3055 1216 3090 aea
1233 3054 1308 3092 reee-

233 3104 306 3170 quod
317 3107 345 3155 in
358 3106 427 3156 diem
438 3107 644 3158 mumdimeram
652 3108 744 3160 debere
795 3108 862 3158 dunt
885 3108 956 3173 (opp.
979 3109 1076 3174 quibua
1098 3110 1231 3160 aetianam
1247 3123 1309 3159 mu-

234 3172 349 3238 dillerrt',
366 3178 569 3239 repraesentem.
795 3181 855 3228 tare
871 3174 953 3236 facile
970 3178 1031 3242 eet),
1053 3180 1102 3226 aut
1124 3178 1310 3228 watiesseunt

265 3244 416 3308 patentibus
432 3269 467 3282 -
481 3245 622 3308 peritate-is,
641 3243 678 3296 als
696 3243 745 3296 Da·
795 3244 831 3296 ad
854 3245 902 3295 ins
924 3260 1001 3296 eante
1023 3249 1073 3296 aut
1091 3243 1310 3310 frequentissime

233 3309 271 3360 tir
288 3325 320 3361 zu
337 3309 454 3362 nehmen.
793 3312 865 3374 talea
883 3312 988 3374 diruam
1013 3312 1152 3366 besanders
1175 3311 1236 3364 aber
1254 3311 1309 3376 xit,

268 3376 331 3428 dum
348 3378 397 3428 rua
414 3381 472 3442 eet,
490 3378 560 3431 nieht
577 3379 644 3431 ohne
659 3378 742 3444 Spott.
795 3396 816 3433 e.
835 3382 859 3432 9.
899 3380 973 3444 Quae
994 3384 1050 3432 siat
1072 3384 1102 3432 in
1126 3380 1228 3446 agendo
1250 3396 1310 3430 eer-

268 3445 351 3509 tatus,
373 3445 407 3497 ist
429 3446 455 3496 in
473 3446 556 3500 dieser
581 3445 744 3534 Verbindunq
794 3449 891 3500 nanda.
1013 3447 1017 3458 “

233 3511 287 3578 das,
306 3527 360 3565 was
378 3513 426 3565 wir
444 3505 535 3567 ‘Brust'
560 3515 621 3568 oder
638 3512 734 3582 ‘Lunge
828 3515 937 3580 fallunt,
947 3515 988 3568 die
998 3514 1080 3567 Saehe
1089 3514 1226 3568 stelltsieh
1239 3529 1309 3580 genn

234 3595 347 3640 nennen;
361 3581 502 3647 begrtindet
511 3583 545 3634 ist
554 3583 599 3636 der
607 3583 743 3636 ausdruck
794 3583 886 3637 andere
898 3584 997 3646 heram,
1009 3583 1048 3635 als
1059 3599 1119 3635 man
1131 3584 1172 3635 hei
1185 3582 1230 3636 der
1243 3581 1311 3634 Ver·

234 3647 312 3700 durch
331 3648 372 3701 die
384 3649 451 3716 Lege
463 3650 508 3718 tier
517 3647 621 3718 Langen
632 3652 667 3704 im
680 3651 743 3704 iiiu-
794 3652 929 3718 hereitnng
945 3651 1087 3704 annehmen
1105 3651 1209 3704 kannte.

233 3717 356 3835 {titii}
370 3715 743 3840 ffluttsstivissitss‘ff
827 3719 1310 3854 ΞῨιῖιῗῘῗῖἒι.“ἒῑιέἷῖῑιὲἐὲι

232 3852 280 3903 sed
295 3868 371 3920 auca,
393 3853 488 3922 latere,
511 3856 648 3920 firmitate.
682 3857 740 3910 Her.
789 3855 849 3922 jeirt
866 3857 918 3922 api.
936 3871 968 3908 zu
989 3861 1010 3919 i,
1030 3860 1053 3909 i.

233 3919 279 3988 Ep.
297 3920 315 3986 l,
335 3925 359 3989 7,
377 3925 418 3976 26.
827 3929 850 3978 5.
869 3925 1038 3978 mammaea.
1070 3924 1157 3978 ltieser
1169 3923 1311 3978 ausdruck
