<?xml version="1.0" encoding="UTF-8"?>
<!DOCTYPE html PUBLIC "-//W3C//DTD XHTML 1.0 Transitional//EN"
    "http://www.w3.org/TR/xhtml1/DTD/xhtml1-transitional.dtd">
<html xmlns="http://www.w3.org/1999/xhtml" xml:lang="en" lang="en">
 <head>
  <title>
</title>
<meta http-equiv="Content-Type" content="text/html;charset=utf-8" />
  <meta name='ocr-system' content='tesseract 3.04.00' />
  <meta name='ocr-capabilities' content='ocr_page ocr_carea ocr_par ocr_line ocrx_word'/>
</head>
<body>
  <div class='ocr_page' id='page_1' title='image "./mfabiiquintilia14quingoog_0064.png"; bbox 0 0 2796 4608; ppageno 0'>
   <div class='ocr_carea' id='block_1_1' title="bbox 457 293 1133 362">
    <p class='ocr_par' dir='ltr' id='par_1_1' title="bbox 457 293 1133 362">
     <span class='ocr_line' id='line_1_1' title="bbox 457 293 1133 362; baseline 0.007 -15"><span class='ocrx_word' id='word_1_1' title='bbox 457 295 565 348; x_wconf 80' lang='lat' dir='ltr'><strong>cnrur</strong></span> <span class='ocrx_word' id='word_1_2' title='bbox 582 295 610 348; x_wconf 93' lang='lat' dir='ltr'><strong>n.</strong></span> <span class='ocrx_word' id='word_1_3' title='bbox 629 296 645 362; x_wconf 77' lang='lat' dir='ltr'><strong>s</strong></span> <span class='ocrx_word' id='word_1_4' title='bbox 664 300 755 350; x_wconf 77' lang='lat'><strong>7-13.</strong></span> <span class='ocrx_word' id='word_1_5' title='bbox 1092 293 1133 352; x_wconf 77' lang='lat'><strong>57</strong></span> 
     </span>
    </p>
   </div>
   <div class='ocr_carea' id='block_1_2' title="bbox 65 455 1229 3098">
    <p class='ocr_par' dir='ltr' id='par_1_2' title="bbox 65 455 1229 3098">
     <span class='ocr_line' id='line_1_2' title="bbox 65 455 1135 551; baseline 0.003 -22"><span class='ocrx_word' id='word_1_6' title='bbox 65 468 257 546; x_wconf 82' lang='lat' dir='ltr'><strong>haberemus3</strong></span> <span class='ocrx_word' id='word_1_7' title='bbox 284 469 396 532; x_wconf 89' lang='lat' dir='ltr'><strong>ratibus</strong></span> <span class='ocrx_word' id='word_1_8' title='bbox 418 471 514 532; x_wconf 88' lang='lat' dir='ltr'><strong>adbuc</strong></span> <span class='ocrx_word' id='word_1_9' title='bbox 535 471 753 550; x_wconf 88' lang='lat' dir='ltr'><strong>navigaremus;</strong></span> <span class='ocrx_word' id='word_1_10' title='bbox 780 489 841 531; x_wconf 92' lang='lat' dir='ltr'><strong>non</strong></span> <span class='ocrx_word' id='word_1_11' title='bbox 857 479 934 533; x_wconf 90' lang='lat' dir='ltr'><strong>esset</strong></span> <span class='ocrx_word' id='word_1_12' title='bbox 944 455 1064 551; x_wconf 84' lang='lat' dir='ltr'><strong>pictura</strong></span> <span class='ocrx_word' id='word_1_13' title='bbox 1077 471 1135 534; x_wconf 90' lang='lat' dir='ltr'><strong>nisi</strong></span> 
     </span>
     <span class='ocr_line' id='line_1_3' title="bbox 67 554 1135 636; baseline 0.007 -23"><span class='ocrx_word' id='word_1_14' title='bbox 67 571 141 631; x_wconf 89' lang='lat' dir='ltr'><strong>quae</strong></span> <span class='ocrx_word' id='word_1_15' title='bbox 155 554 248 616; x_wconf 88' lang='lat' dir='ltr'><strong>lineas</strong></span> <span class='ocrx_word' id='word_1_16' title='bbox 262 555 349 616; x_wconf 94' lang='lat' dir='ltr'><strong>modo</strong></span> <span class='ocrx_word' id='word_1_17' title='bbox 366 563 510 617; x_wconf 87' lang='lat' dir='ltr'><strong>extremas</strong></span> <span class='ocrx_word' id='word_1_18' title='bbox 523 555 654 631; x_wconf 80' lang='lat' dir='ltr'>umbrae,</span> <span class='ocrx_word' id='word_1_19' title='bbox 677 574 764 635; x_wconf 91' lang='lat' dir='ltr'><strong>quam</strong></span> <span class='ocrx_word' id='word_1_20' title='bbox 785 574 911 636; x_wconf 86' lang='lat' dir='ltr'><strong>corpora</strong></span> <span class='ocrx_word' id='word_1_21' title='bbox 926 557 957 618; x_wconf 90' lang='lat' dir='ltr'><strong>in</strong></span> <span class='ocrx_word' id='word_1_22' title='bbox 972 557 1034 618; x_wconf 90' lang='lat' dir='ltr'><strong>sole</strong></span> <span class='ocrx_word' id='word_1_23' title='bbox 1048 559 1135 621; x_wconf 84' lang='lat' dir='ltr'><strong>focis·</strong></span> 
     </span>
     <span class='ocr_line' id='line_1_4' title="bbox 67 639 1172 720; baseline 0.001 -22"><span class='ocrx_word' id='word_1_24' title='bbox 67 648 142 714; x_wconf 89' lang='lat' dir='ltr'><strong>sent,</strong></span> <span class='ocrx_word' id='word_1_25' title='bbox 163 639 429 702; x_wconf 81' lang='lat' dir='ltr'><strong>circumscriberet.</strong></span> <span class='ocrx_word' id='word_1_26' title='bbox 465 641 508 700; x_wconf 74' lang='lat' dir='ltr'><strong>Ao</strong></span> <span class='ocrx_word' id='word_1_27' title='bbox 529 640 554 700; x_wconf 85' lang='lat' dir='ltr'><strong>si</strong></span> <span class='ocrx_word' id='word_1_28' title='bbox 582 640 681 702; x_wconf 91' lang='lat' dir='ltr'><strong>omnia</strong></span> <span class='ocrx_word' id='word_1_29' title='bbox 702 640 891 720; x_wconf 84' lang='lat' dir='ltr'><strong>percenseas,</strong></span> <span class='ocrx_word' id='word_1_30' title='bbox 919 642 1002 702; x_wconf 89' lang='lat' dir='ltr'><strong>nulla</strong></span> <span class='ocrx_word' id='word_1_31' title='bbox 1029 645 1137 706; x_wconf 89' lang='lat' dir='ltr'><strong>mansit</strong></span> <span class='ocrx_word' id='word_1_32' title='bbox 1157 649 1172 699; x_wconf 83' lang='lat'>8</span> 
     </span>
     <span class='ocr_line' id='line_1_5' title="bbox 67 725 1136 803; baseline 0.006 -19"><span class='ocrx_word' id='word_1_33' title='bbox 67 741 123 797; x_wconf 88' lang='lat' dir='ltr'><strong>ars,</strong></span> <span class='ocrx_word' id='word_1_34' title='bbox 139 725 233 803; x_wconf 89' lang='lat' dir='ltr'><strong>qualis</strong></span> <span class='ocrx_word' id='word_1_35' title='bbox 247 725 368 786; x_wconf 87' lang='lat' dir='ltr'><strong>inventa</strong></span> <span class='ocrx_word' id='word_1_36' title='bbox 382 733 436 798; x_wconf 87' lang='lat' dir='ltr'><strong>est,</strong></span> <span class='ocrx_word' id='word_1_37' title='bbox 452 743 508 786; x_wconf 89' lang='lat' dir='ltr'><strong>neo</strong></span> <span class='ocrx_word' id='word_1_38' title='bbox 523 725 602 785; x_wconf 87' lang='lat' dir='ltr'><strong>intra</strong></span> <span class='ocrx_word' id='word_1_39' title='bbox 615 725 733 786; x_wconf 91' lang='lat' dir='ltr'><strong>initium</strong></span> <span class='ocrx_word' id='word_1_40' title='bbox 748 727 842 802; x_wconf 90' lang='lat' dir='ltr'><strong>stetit;</strong></span> <span class='ocrx_word' id='word_1_41' title='bbox 864 725 920 788; x_wconf 91' lang='lat' dir='ltr'><strong>nisi</strong></span> <span class='ocrx_word' id='word_1_42' title='bbox 942 728 1019 788; x_wconf 89' lang='lat' dir='ltr'><strong>forte</strong></span> <span class='ocrx_word' id='word_1_43' title='bbox 1034 738 1136 790; x_wconf 88' lang='lat' dir='ltr'><strong>nostra</strong></span> 
     </span>
     <span class='ocr_line' id='line_1_6' title="bbox 66 809 1229 888; baseline 0.001 -19"><span class='ocrx_word' id='word_1_44' title='bbox 66 809 252 887; x_wconf 92' lang='lat' dir='ltr'><strong>potissimum</strong></span> <span class='ocrx_word' id='word_1_45' title='bbox 272 818 407 888; x_wconf 91' lang='lat' dir='ltr'><strong>tempora</strong></span> <span class='ocrx_word' id='word_1_46' title='bbox 428 809 601 870; x_wconf 80' lang='lat' dir='ltr'><strong>damnamus</strong></span> <span class='ocrx_word' id='word_1_47' title='bbox 623 809 710 871; x_wconf 91' lang='lat' dir='ltr'><strong>huius</strong></span> <span class='ocrx_word' id='word_1_48' title='bbox 730 809 918 886; x_wconf 78' lang='lat' dir='ltr'><strong>infelicitatis,</strong></span> <span class='ocrx_word' id='word_1_49' title='bbox 939 820 973 872; x_wconf 91' lang='lat' dir='ltr'><strong>ut</strong></span> <span class='ocrx_word' id='word_1_50' title='bbox 987 831 1069 874; x_wconf 88' lang='lat' dir='ltr'><strong>nunc</strong></span> <span class='ocrx_word' id='word_1_51' title='bbox 1084 814 1135 875; x_wconf 91' lang='lat' dir='ltr'><strong>de·</strong></span> <span class='ocrx_word' id='word_1_52' title='bbox 1220 861 1229 870; x_wconf 90' lang='lat'><strong>.</strong></span> 
     </span>
     <span class='ocr_line' id='line_1_7' title="bbox 68 893 1173 969; baseline 0.002 -15"><span class='ocrx_word' id='word_1_53' title='bbox 68 911 150 954; x_wconf 93' lang='lat' dir='ltr'><strong>mum</strong></span> <span class='ocrx_word' id='word_1_54' title='bbox 165 893 239 955; x_wconf 91' lang='lat' dir='ltr'><strong>nibil</strong></span> <span class='ocrx_word' id='word_1_55' title='bbox 253 902 375 956; x_wconf 84' lang='lat' dir='ltr'><strong>creseat.</strong></span> <span class='ocrx_word' id='word_1_56' title='bbox 405 893 484 956; x_wconf 89' lang='lat' dir='ltr'><strong>Nihil</strong></span> <span class='ocrx_word' id='word_1_57' title='bbox 505 903 604 956; x_wconf 86' lang='lat' dir='ltr'><strong>autem</strong></span> <span class='ocrx_word' id='word_1_58' title='bbox 626 894 732 956; x_wconf 90' lang='lat' dir='ltr'><strong>crescit</strong></span> <span class='ocrx_word' id='word_1_59' title='bbox 746 895 808 955; x_wconf 91' lang='lat' dir='ltr'><strong>sola</strong></span> <span class='ocrx_word' id='word_1_60' title='bbox 822 896 994 958; x_wconf 86' lang='lat' dir='ltr'><strong>imitatione.</strong></span> <span class='ocrx_word' id='word_1_61' title='bbox 1025 897 1136 969; x_wconf 85' lang='lat' dir='ltr'><strong>Quodsi</strong></span> <span class='ocrx_word' id='word_1_62' title='bbox 1149 905 1173 956; x_wconf 67' lang='lat' dir='ltr'><strong>a</strong></span> 
     </span>
     <span class='ocr_line' id='line_1_8' title="bbox 66 978 1136 1059; baseline 0.005 -20"><span class='ocrx_word' id='word_1_63' title='bbox 66 979 218 1056; x_wconf 87' lang='lat' dir='ltr'><strong>prioribus</strong></span> <span class='ocrx_word' id='word_1_64' title='bbox 232 978 347 1040; x_wconf 87' lang='lat' dir='ltr'><strong>adicere</strong></span> <span class='ocrx_word' id='word_1_65' title='bbox 362 980 406 1040; x_wconf 90' lang='lat' dir='ltr'><strong>fas</strong></span> <span class='ocrx_word' id='word_1_66' title='bbox 421 998 482 1040; x_wconf 95' lang='lat' dir='ltr'><strong>non</strong></span> <span class='ocrx_word' id='word_1_67' title='bbox 498 987 551 1053; x_wconf 87' lang='lat' dir='ltr'><strong>est,</strong></span> <span class='ocrx_word' id='word_1_68' title='bbox 574 980 723 1058; x_wconf 94' lang='lat' dir='ltr'><strong>quomodo</strong></span> <span class='ocrx_word' id='word_1_69' title='bbox 746 998 866 1058; x_wconf 90' lang='lat' dir='ltr'><strong>sperare</strong></span> <span class='ocrx_word' id='word_1_70' title='bbox 881 998 1038 1059; x_wconf 91' lang='lat' dir='ltr'><strong>possumus</strong></span> <span class='ocrx_word' id='word_1_71' title='bbox 1054 983 1136 1044; x_wconf 91' lang='lat' dir='ltr'><strong>illum</strong></span> 
     </span>
     <span class='ocr_line' id='line_1_9' title="bbox 67 1060 1137 1143; baseline 0.007 -21"><span class='ocrx_word' id='word_1_72' title='bbox 67 1073 218 1124; x_wconf 91' lang='lat' dir='ltr'><strong>oratorem</strong></span> <span class='ocrx_word' id='word_1_73' title='bbox 232 1060 418 1142; x_wconf 82' lang='lat' dir='ltr'><strong>perfeetum?</strong></span> <span class='ocrx_word' id='word_1_74' title='bbox 433 1083 502 1126; x_wconf 92' lang='lat' dir='ltr'><strong>cum</strong></span> <span class='ocrx_word' id='word_1_75' title='bbox 517 1064 548 1124; x_wconf 96' lang='lat' dir='ltr'><strong>in</strong></span> <span class='ocrx_word' id='word_1_76' title='bbox 563 1065 618 1139; x_wconf 89' lang='lat' dir='ltr'><strong>his,</strong></span> <span class='ocrx_word' id='word_1_77' title='bbox 635 1083 710 1143; x_wconf 91' lang='lat' dir='ltr'><strong>quos</strong></span> <span class='ocrx_word' id='word_1_78' title='bbox 724 1065 867 1126; x_wconf 84' lang='lat' dir='ltr'><strong>maximos</strong></span> <span class='ocrx_word' id='word_1_79' title='bbox 881 1066 976 1126; x_wconf 91' lang='lat' dir='ltr'><strong>adhuc</strong></span> <span class='ocrx_word' id='word_1_80' title='bbox 992 1069 1137 1142; x_wconf 89' lang='lat' dir='ltr'><strong>novimus,</strong></span> 
     </span>
     <span class='ocr_line' id='line_1_10' title="bbox 66 1148 1138 1230; baseline 0.006 -22"><span class='ocrx_word' id='word_1_81' title='bbox 66 1167 158 1209; x_wconf 87' lang='lat' dir='ltr'><strong>nemo</strong></span> <span class='ocrx_word' id='word_1_82' title='bbox 173 1149 210 1208; x_wconf 91' lang='lat' dir='ltr'><strong>sit</strong></span> <span class='ocrx_word' id='word_1_83' title='bbox 224 1149 369 1222; x_wconf 87' lang='lat' dir='ltr'><strong>inventus,</strong></span> <span class='ocrx_word' id='word_1_84' title='bbox 384 1148 416 1209; x_wconf 93' lang='lat' dir='ltr'><strong>in</strong></span> <span class='ocrx_word' id='word_1_85' title='bbox 431 1168 491 1228; x_wconf 94' lang='lat' dir='ltr'><strong>quo</strong></span> <span class='ocrx_word' id='word_1_86' title='bbox 512 1149 586 1210; x_wconf 93' lang='lat' dir='ltr'><strong>nihil</strong></span> <span class='ocrx_word' id='word_1_87' title='bbox 606 1159 657 1210; x_wconf 93' lang='lat' dir='ltr'><strong>aut</strong></span> <span class='ocrx_word' id='word_1_88' title='bbox 676 1150 860 1212; x_wconf 86' lang='lat' dir='ltr'><strong>desideretur</strong></span> <span class='ocrx_word' id='word_1_89' title='bbox 873 1159 924 1210; x_wconf 92' lang='lat' dir='ltr'><strong>aut</strong></span> <span class='ocrx_word' id='word_1_90' title='bbox 937 1153 1138 1230; x_wconf 83' lang='lat' dir='ltr'><strong>reprehenda-</strong></span> 
     </span>
     <span class='ocr_line' id='line_1_11' title="bbox 66 1232 1137 1316; baseline 0.007 -24"><span class='ocrx_word' id='word_1_91' title='bbox 66 1244 127 1293; x_wconf 91' lang='lat' dir='ltr'><strong>tur.</strong></span> <span class='ocrx_word' id='word_1_92' title='bbox 157 1232 215 1294; x_wconf 88' lang='lat' dir='ltr'><strong>Sed</strong></span> <span class='ocrx_word' id='word_1_93' title='bbox 227 1235 315 1295; x_wconf 89' lang='lat' dir='ltr'><strong>etiam</strong></span> <span class='ocrx_word' id='word_1_94' title='bbox 326 1233 376 1312; x_wconf 93' lang='lat' dir='ltr'><strong>qui</strong></span> <span class='ocrx_word' id='word_1_95' title='bbox 388 1252 502 1295; x_wconf 91' lang='lat' dir='ltr'><strong>summa</strong></span> <span class='ocrx_word' id='word_1_96' title='bbox 512 1253 573 1295; x_wconf 91' lang='lat' dir='ltr'><strong>non</strong></span> <span class='ocrx_word' id='word_1_97' title='bbox 586 1234 735 1314; x_wconf 82' lang='lat' dir='ltr'><strong>adpetant,</strong></span> <span class='ocrx_word' id='word_1_98' title='bbox 747 1236 928 1296; x_wconf 87' lang='lat' dir='ltr'><strong>contendere</strong></span> <span class='ocrx_word' id='word_1_99' title='bbox 940 1237 1137 1316; x_wconf 90' lang='lat' dir='ltr'><strong>potiusquam</strong></span> 
     </span>
     <span class='ocr_line' id='line_1_12' title="bbox 68 1317 1191 1400; baseline 0 -21"><span class='ocrx_word' id='word_1_100' title='bbox 68 1317 154 1395; x_wconf 85' lang='lat' dir='ltr'><strong>sequi</strong></span> <span class='ocrx_word' id='word_1_101' title='bbox 168 1318 287 1380; x_wconf 89' lang='lat' dir='ltr'><strong>debent.</strong></span> <span class='ocrx_word' id='word_1_102' title='bbox 316 1318 390 1378; x_wconf 91' lang='lat' dir='ltr'><strong>Nam</strong></span> <span class='ocrx_word' id='word_1_103' title='bbox 405 1319 456 1398; x_wconf 93' lang='lat' dir='ltr'><strong>qui</strong></span> <span class='ocrx_word' id='word_1_104' title='bbox 476 1320 534 1380; x_wconf 91' lang='lat' dir='ltr'><strong>hoc</strong></span> <span class='ocrx_word' id='word_1_105' title='bbox 553 1319 622 1398; x_wconf 77' lang='lat' dir='ltr'><strong>agit,</strong></span> <span class='ocrx_word' id='word_1_106' title='bbox 643 1329 677 1380; x_wconf 94' lang='lat' dir='ltr'><strong>ut</strong></span> <span class='ocrx_word' id='word_1_107' title='bbox 696 1321 779 1400; x_wconf 88' lang='lat' dir='ltr'><strong>prior</strong></span> <span class='ocrx_word' id='word_1_108' title='bbox 800 1321 846 1394; x_wconf 91' lang='lat' dir='ltr'><strong>sit,</strong></span> <span class='ocrx_word' id='word_1_109' title='bbox 868 1321 1002 1395; x_wconf 80' lang='lat' dir='ltr'><strong>forsitan,</strong></span> <span class='ocrx_word' id='word_1_110' title='bbox 1024 1323 1139 1384; x_wconf 87' lang='lat' dir='ltr'><strong>etiamsi</strong></span> <span class='ocrx_word' id='word_1_111' title='bbox 1161 1329 1191 1380; x_wconf 83' lang='lat' dir='ltr'><strong>lu</strong></span> 
     </span>
     <span class='ocr_line' id='line_1_13' title="bbox 69 1403 1139 1485; baseline 0.006 -23"><span class='ocrx_word' id='word_1_112' title='bbox 69 1421 131 1462; x_wconf 93' lang='lat' dir='ltr'><strong>non</strong></span> <span class='ocrx_word' id='word_1_113' title='bbox 147 1404 305 1476; x_wconf 88' lang='lat' dir='ltr'><strong>transierit,</strong></span> <span class='ocrx_word' id='word_1_114' title='bbox 320 1403 473 1483; x_wconf 80' lang='lat' dir='ltr'><strong>aequabit:</strong></span> <span class='ocrx_word' id='word_1_115' title='bbox 495 1423 563 1465; x_wconf 88' lang='lat' dir='ltr'><strong>eum</strong></span> <span class='ocrx_word' id='word_1_116' title='bbox 583 1424 654 1466; x_wconf 90' lang='lat' dir='ltr'><strong>vero</strong></span> <span class='ocrx_word' id='word_1_117' title='bbox 676 1423 765 1466; x_wconf 87' lang='lat' dir='ltr'><strong>nemo</strong></span> <span class='ocrx_word' id='word_1_118' title='bbox 785 1413 883 1485; x_wconf 88' lang='lat' dir='ltr'><strong>potest</strong></span> <span class='ocrx_word' id='word_1_119' title='bbox 898 1424 1033 1485; x_wconf 91' lang='lat' dir='ltr'><strong>aequare,</strong></span> <span class='ocrx_word' id='word_1_120' title='bbox 1056 1408 1139 1468; x_wconf 91' lang='lat' dir='ltr'><strong>cuius</strong></span> 
     </span>
     <span class='ocr_line' id='line_1_14' title="bbox 68 1487 1141 1572; baseline 0.004 -24"><span class='ocrx_word' id='word_1_121' title='bbox 68 1489 196 1567; x_wconf 84' lang='lat' dir='ltr'><strong>vestigiis</strong></span> <span class='ocrx_word' id='word_1_122' title='bbox 211 1487 268 1550; x_wconf 92' lang='lat' dir='ltr'><strong>sibi</strong></span> <span class='ocrx_word' id='word_1_123' title='bbox 283 1488 386 1567; x_wconf 92' lang='lat' dir='ltr'><strong>utique</strong></span> <span class='ocrx_word' id='word_1_124' title='bbox 397 1489 591 1550; x_wconf 91' lang='lat' dir='ltr'><strong>insistendum</strong></span> <span class='ocrx_word' id='word_1_125' title='bbox 602 1499 696 1570; x_wconf 87' lang='lat' dir='ltr'><strong>putat.</strong></span> <span class='ocrx_word' id='word_1_126' title='bbox 724 1491 851 1552; x_wconf 85' lang='lat' dir='ltr'><strong>Necesse</strong></span> <span class='ocrx_word' id='word_1_127' title='bbox 862 1500 907 1552; x_wconf 88' lang='lat' dir='ltr'><strong>est</strong></span> <span class='ocrx_word' id='word_1_128' title='bbox 918 1491 1007 1566; x_wconf 89' lang='lat' dir='ltr'><strong>enim,</strong></span> <span class='ocrx_word' id='word_1_129' title='bbox 1023 1509 1141 1572; x_wconf 91' lang='lat' dir='ltr'><strong>semper</strong></span> 
     </span>
     <span class='ocr_line' id='line_1_15' title="bbox 70 1573 1140 1654; baseline 0.004 -20"><span class='ocrx_word' id='word_1_130' title='bbox 70 1573 107 1639; x_wconf 87' lang='lat' dir='ltr'><strong>sit</strong></span> <span class='ocrx_word' id='word_1_131' title='bbox 128 1574 275 1652; x_wconf 87' lang='lat' dir='ltr'><strong>posterior</strong></span> <span class='ocrx_word' id='word_1_132' title='bbox 297 1574 348 1652; x_wconf 91' lang='lat' dir='ltr'><strong>qui</strong></span> <span class='ocrx_word' id='word_1_133' title='bbox 369 1575 512 1653; x_wconf 89' lang='lat' dir='ltr'><strong>sequitur.</strong></span> <span class='ocrx_word' id='word_1_134' title='bbox 553 1575 635 1636; x_wconf 82' lang='lat' dir='ltr'><strong>Addo</strong></span> <span class='ocrx_word' id='word_1_135' title='bbox 662 1577 742 1654; x_wconf 94' lang='lat' dir='ltr'><strong>quod</strong></span> <span class='ocrx_word' id='word_1_136' title='bbox 763 1576 939 1654; x_wconf 88' lang='lat' dir='ltr'><strong>plerumque</strong></span> <span class='ocrx_word' id='word_1_137' title='bbox 961 1577 1075 1639; x_wconf 82' lang='lat' dir='ltr'><strong>facilius</strong></span> <span class='ocrx_word' id='word_1_138' title='bbox 1095 1586 1140 1638; x_wconf 91' lang='lat' dir='ltr'><strong>est</strong></span> 
     </span>
     <span class='ocr_line' id='line_1_16' title="bbox 69 1659 1140 1738; baseline 0.005 -19"><span class='ocrx_word' id='word_1_139' title='bbox 69 1659 137 1736; x_wconf 89' lang='lat' dir='ltr'><strong>plus</strong></span> <span class='ocrx_word' id='word_1_140' title='bbox 151 1660 248 1720; x_wconf 88' lang='lat' dir='ltr'><strong>facere</strong></span> <span class='ocrx_word' id='word_1_141' title='bbox 263 1677 351 1738; x_wconf 91' lang='lat' dir='ltr'><strong>quam</strong></span> <span class='ocrx_word' id='word_1_142' title='bbox 366 1659 453 1720; x_wconf 87' lang='lat' dir='ltr'><strong>idem.</strong></span> <span class='ocrx_word' id='word_1_143' title='bbox 483 1659 609 1723; x_wconf 83' lang='lat' dir='ltr'><strong>Tantam</strong></span> <span class='ocrx_word' id='word_1_144' title='bbox 622 1660 702 1720; x_wconf 92' lang='lat' dir='ltr'><strong>enim</strong></span> <span class='ocrx_word' id='word_1_145' title='bbox 716 1661 920 1722; x_wconf 84' lang='lat' dir='ltr'><strong>difficultatem</strong></span> <span class='ocrx_word' id='word_1_146' title='bbox 934 1661 1024 1722; x_wconf 89' lang='lat' dir='ltr'><strong>habet</strong></span> <span class='ocrx_word' id='word_1_147' title='bbox 1038 1663 1140 1724; x_wconf 91' lang='lat' dir='ltr'><strong>simili-</strong></span> 
     </span>
     <span class='ocr_line' id='line_1_17' title="bbox 70 1743 1141 1823; baseline 0.005 -20"><span class='ocrx_word' id='word_1_148' title='bbox 70 1743 151 1820; x_wconf 87' lang='lat' dir='ltr'><strong>tudo,</strong></span> <span class='ocrx_word' id='word_1_149' title='bbox 166 1752 199 1804; x_wconf 95' lang='lat' dir='ltr'><strong>ut</strong></span> <span class='ocrx_word' id='word_1_150' title='bbox 214 1763 253 1804; x_wconf 94' lang='lat' dir='ltr'><strong>ne</strong></span> <span class='ocrx_word' id='word_1_151' title='bbox 267 1744 332 1822; x_wconf 89' lang='lat' dir='ltr'><strong>ipsa</strong></span> <span class='ocrx_word' id='word_1_152' title='bbox 346 1744 463 1823; x_wconf 89' lang='lat' dir='ltr'><strong>quidem</strong></span> <span class='ocrx_word' id='word_1_153' title='bbox 478 1753 584 1805; x_wconf 90' lang='lat' dir='ltr'><strong>natura</strong></span> <span class='ocrx_word' id='word_1_154' title='bbox 599 1745 630 1806; x_wconf 94' lang='lat' dir='ltr'><strong>in</strong></span> <span class='ocrx_word' id='word_1_155' title='bbox 653 1746 710 1805; x_wconf 93' lang='lat' dir='ltr'><strong>boc</strong></span> <span class='ocrx_word' id='word_1_156' title='bbox 730 1745 770 1804; x_wconf 90' lang='lat' dir='ltr'><strong>ita</strong></span> <span class='ocrx_word' id='word_1_157' title='bbox 792 1747 941 1821; x_wconf 86' lang='lat' dir='ltr'><strong>evaluerit,</strong></span> <span class='ocrx_word' id='word_1_158' title='bbox 962 1755 996 1807; x_wconf 90' lang='lat' dir='ltr'><strong>ut</strong></span> <span class='ocrx_word' id='word_1_159' title='bbox 1016 1767 1077 1808; x_wconf 92' lang='lat' dir='ltr'><strong>non</strong></span> <span class='ocrx_word' id='word_1_160' title='bbox 1093 1765 1141 1808; x_wconf 92' lang='lat' dir='ltr'><strong>res</strong></span> 
     </span>
     <span class='ocr_line' id='line_1_18' title="bbox 72 1829 1141 1912; baseline 0.002 -22"><span class='ocrx_word' id='word_1_161' title='bbox 72 1847 147 1907; x_wconf 88' lang='lat' dir='ltr'><strong>quae</strong></span> <span class='ocrx_word' id='word_1_162' title='bbox 161 1829 334 1903; x_wconf 91' lang='lat' dir='ltr'><strong>simillimae,</strong></span> <span class='ocrx_word' id='word_1_163' title='bbox 350 1847 486 1908; x_wconf 92' lang='lat' dir='ltr'><strong>quaeque</strong></span> <span class='ocrx_word' id='word_1_164' title='bbox 501 1847 587 1912; x_wconf 90' lang='lat' dir='ltr'><strong>pares</strong></span> <span class='ocrx_word' id='word_1_165' title='bbox 602 1829 726 1890; x_wconf 84' lang='lat' dir='ltr'><strong>maxime</strong></span> <span class='ocrx_word' id='word_1_166' title='bbox 740 1830 903 1904; x_wconf 87' lang='lat' dir='ltr'><strong>videantur,</strong></span> <span class='ocrx_word' id='word_1_167' title='bbox 918 1832 1021 1910; x_wconf 91' lang='lat' dir='ltr'><strong>utique</strong></span> <span class='ocrx_word' id='word_1_168' title='bbox 1037 1832 1141 1894; x_wconf 89' lang='lat' dir='ltr'><strong>discri-</strong></span> 
     </span>
     <span class='ocr_line' id='line_1_19' title="bbox 71 1913 1192 1994; baseline -0.002 -20"><span class='ocrx_word' id='word_1_169' title='bbox 71 1914 151 1976; x_wconf 84' lang='lat' dir='ltr'><strong>mino</strong></span> <span class='ocrx_word' id='word_1_170' title='bbox 165 1915 263 1993; x_wconf 92' lang='lat' dir='ltr'><strong>aliquo</strong></span> <span class='ocrx_word' id='word_1_171' title='bbox 279 1914 497 1976; x_wconf 91' lang='lat' dir='ltr'><strong>discernantur.</strong></span> <span class='ocrx_word' id='word_1_172' title='bbox 525 1915 607 1976; x_wconf 76' lang='lat' dir='ltr'><strong>Adde</strong></span> <span class='ocrx_word' id='word_1_173' title='bbox 622 1916 711 1994; x_wconf 91' lang='lat' dir='ltr'><strong>quod,</strong></span> <span class='ocrx_word' id='word_1_174' title='bbox 726 1913 870 1994; x_wconf 94' lang='lat' dir='ltr'><strong>quidquid</strong></span> <span class='ocrx_word' id='word_1_175' title='bbox 881 1915 965 1976; x_wconf 86' lang='lat' dir='ltr'><strong>alteri</strong></span> <span class='ocrx_word' id='word_1_176' title='bbox 981 1916 1075 1976; x_wconf 91' lang='lat' dir='ltr'><strong>simile</strong></span> <span class='ocrx_word' id='word_1_177' title='bbox 1088 1928 1142 1988; x_wconf 92' lang='lat' dir='ltr'><strong>est,</strong></span> <span class='ocrx_word' id='word_1_178' title='bbox 1165 1921 1192 1972; x_wconf 92' lang='grc'><strong>11</strong></span> 
     </span>
     <span class='ocr_line' id='line_1_20' title="bbox 72 1999 1144 2079; baseline 0 -19"><span class='ocrx_word' id='word_1_179' title='bbox 72 2016 194 2060; x_wconf 86' lang='lat' dir='ltr'><strong>necesse</strong></span> <span class='ocrx_word' id='word_1_180' title='bbox 217 2008 262 2061; x_wconf 91' lang='lat' dir='ltr'><strong>est</strong></span> <span class='ocrx_word' id='word_1_181' title='bbox 281 1999 381 2060; x_wconf 92' lang='lat' dir='ltr'><strong>minus</strong></span> <span class='ocrx_word' id='word_1_182' title='bbox 401 1999 439 2062; x_wconf 92' lang='lat' dir='ltr'><strong>sit</strong></span> <span class='ocrx_word' id='word_1_183' title='bbox 462 2019 507 2074; x_wconf 87' lang='lat' dir='ltr'><strong>oo,</strong></span> <span class='ocrx_word' id='word_1_184' title='bbox 530 2001 609 2078; x_wconf 95' lang='lat' dir='ltr'><strong>quod</strong></span> <span class='ocrx_word' id='word_1_185' title='bbox 631 2001 771 2073; x_wconf 86' lang='lat' dir='ltr'><strong>imitatur,</strong></span> <span class='ocrx_word' id='word_1_186' title='bbox 793 2009 827 2061; x_wconf 90' lang='lat' dir='ltr'><strong>ut</strong></span> <span class='ocrx_word' id='word_1_187' title='bbox 847 1999 952 2060; x_wconf 92' lang='lat' dir='ltr'><strong>umbra</strong></span> <span class='ocrx_word' id='word_1_188' title='bbox 973 2018 1099 2079; x_wconf 87' lang='lat' dir='ltr'><strong>corpore</strong></span> <span class='ocrx_word' id='word_1_189' title='bbox 1114 2009 1144 2061; x_wconf 88' lang='lat' dir='ltr'><strong>et</strong></span> 
     </span>
     <span class='ocr_line' id='line_1_21' title="bbox 72 2084 1142 2162; baseline 0.002 -18"><span class='ocrx_word' id='word_1_190' title='bbox 72 2084 169 2162; x_wconf 85' lang='lat' dir='ltr'><strong>imago</strong></span> <span class='ocrx_word' id='word_1_191' title='bbox 190 2085 265 2146; x_wconf 88' lang='lat' dir='ltr'><strong>facie</strong></span> <span class='ocrx_word' id='word_1_192' title='bbox 290 2093 320 2146; x_wconf 91' lang='lat' dir='ltr'><strong>et</strong></span> <span class='ocrx_word' id='word_1_193' title='bbox 340 2093 422 2146; x_wconf 91' lang='lat' dir='ltr'><strong>actus</strong></span> <span class='ocrx_word' id='word_1_194' title='bbox 442 2085 621 2146; x_wconf 90' lang='lat' dir='ltr'><strong>histrionum</strong></span> <span class='ocrx_word' id='word_1_195' title='bbox 634 2086 712 2148; x_wconf 86' lang='lat' dir='ltr'><strong>veris</strong></span> <span class='ocrx_word' id='word_1_196' title='bbox 725 2085 896 2147; x_wconf 86' lang='lat' dir='ltr'><strong>adfectibus.</strong></span> <span class='ocrx_word' id='word_1_197' title='bbox 927 2084 1013 2157; x_wconf 87' lang='lat' dir='ltr'><strong>Quod</strong></span> <span class='ocrx_word' id='word_1_198' title='bbox 1027 2086 1058 2146; x_wconf 94' lang='lat' dir='ltr'><strong>in</strong></span> <span class='ocrx_word' id='word_1_199' title='bbox 1074 2104 1142 2146; x_wconf 92' lang='lat' dir='ltr'><strong>ora·</strong></span> 
     </span>
     <span class='ocr_line' id='line_1_22' title="bbox 71 2169 1142 2250; baseline 0.002 -20"><span class='ocrx_word' id='word_1_200' title='bbox 71 2169 204 2231; x_wconf 90' lang='lat' dir='ltr'><strong>tionibus</strong></span> <span class='ocrx_word' id='word_1_201' title='bbox 219 2188 338 2249; x_wconf 89' lang='lat' dir='ltr'><strong>quoque</strong></span> <span class='ocrx_word' id='word_1_202' title='bbox 353 2169 458 2231; x_wconf 81' lang='lat' dir='ltr'><strong>evenit.</strong></span> <span class='ocrx_word' id='word_1_203' title='bbox 488 2169 621 2250; x_wconf 88' lang='lat' dir='ltr'><strong>Namque</strong></span> <span class='ocrx_word' id='word_1_204' title='bbox 644 2171 695 2246; x_wconf 93' lang='lat' dir='ltr'><strong>iis,</strong></span> <span class='ocrx_word' id='word_1_205' title='bbox 718 2189 794 2249; x_wconf 91' lang='lat' dir='ltr'><strong>quae</strong></span> <span class='ocrx_word' id='word_1_206' title='bbox 815 2171 847 2232; x_wconf 93' lang='lat' dir='ltr'><strong>in</strong></span> <span class='ocrx_word' id='word_1_207' title='bbox 868 2170 1035 2250; x_wconf 83' lang='lat' dir='ltr'><strong>exemplum</strong></span> <span class='ocrx_word' id='word_1_208' title='bbox 1056 2170 1142 2232; x_wconf 91' lang='lat' dir='ltr'><strong>adsu-</strong></span> 
     </span>
     <span class='ocr_line' id='line_1_23' title="bbox 72 2254 1144 2331; baseline 0.002 -17"><span class='ocrx_word' id='word_1_209' title='bbox 72 2256 189 2328; x_wconf 92' lang='lat' dir='ltr'><strong>mimus,</strong></span> <span class='ocrx_word' id='word_1_210' title='bbox 205 2254 307 2316; x_wconf 89' lang='lat' dir='ltr'><strong>subcst</strong></span> <span class='ocrx_word' id='word_1_211' title='bbox 322 2268 426 2316; x_wconf 90' lang='lat' dir='ltr'><strong>natura</strong></span> <span class='ocrx_word' id='word_1_212' title='bbox 441 2264 471 2316; x_wconf 86' lang='lat' dir='ltr'><strong>et</strong></span> <span class='ocrx_word' id='word_1_213' title='bbox 485 2274 553 2316; x_wconf 87' lang='lat' dir='ltr'><strong>vera</strong></span> <span class='ocrx_word' id='word_1_214' title='bbox 567 2256 625 2331; x_wconf 82' lang='lat' dir='ltr'><strong>vis;</strong></span> <span class='ocrx_word' id='word_1_215' title='bbox 641 2264 744 2318; x_wconf 86' lang='lat' dir='ltr'><strong>contra</strong></span> <span class='ocrx_word' id='word_1_216' title='bbox 760 2257 857 2317; x_wconf 90' lang='lat' dir='ltr'><strong>omnis</strong></span> <span class='ocrx_word' id='word_1_217' title='bbox 868 2255 992 2317; x_wconf 87' lang='lat' dir='ltr'><strong>imitatio</strong></span> <span class='ocrx_word' id='word_1_218' title='bbox 1009 2257 1084 2317; x_wconf 89' lang='lat' dir='ltr'><strong>facta</strong></span> <span class='ocrx_word' id='word_1_219' title='bbox 1099 2264 1144 2316; x_wconf 86' lang='lat' dir='ltr'><strong>est</strong></span> 
     </span>
     <span class='ocr_line' id='line_1_24' title="bbox 73 2339 1195 2419; baseline -0.003 -19"><span class='ocrx_word' id='word_1_220' title='bbox 73 2340 159 2400; x_wconf 87' lang='lat' dir='ltr'><strong>etad</strong></span> <span class='ocrx_word' id='word_1_221' title='bbox 178 2341 306 2401; x_wconf 84' lang='lat' dir='ltr'><strong>alienum</strong></span> <span class='ocrx_word' id='word_1_222' title='bbox 329 2339 515 2419; x_wconf 92' lang='lat' dir='ltr'><strong>propositum</strong></span> <span class='ocrx_word' id='word_1_223' title='bbox 535 2342 784 2402; x_wconf 87' lang='lat' dir='ltr'><strong>accommodatur.</strong></span> <span class='ocrx_word' id='word_1_224' title='bbox 833 2340 899 2412; x_wconf 83' lang='lat' dir='ltr'><strong>Quo</strong></span> <span class='ocrx_word' id='word_1_225' title='bbox 920 2343 967 2414; x_wconf 89' lang='lat' dir='ltr'><strong>fit,</strong></span> <span class='ocrx_word' id='word_1_226' title='bbox 993 2351 1027 2402; x_wconf 90' lang='lat' dir='ltr'><strong>ut</strong></span> <span class='ocrx_word' id='word_1_227' title='bbox 1046 2342 1145 2402; x_wconf 92' lang='lat' dir='ltr'><strong>minus</strong></span> <span class='ocrx_word' id='word_1_228' title='bbox 1167 2346 1195 2397; x_wconf 82' lang='lat' dir='ltr'><strong>lt</strong></span> 
     </span>
     <span class='ocr_line' id='line_1_25' title="bbox 73 2425 1143 2505; baseline -0.002 -19"><span class='ocrx_word' id='word_1_229' title='bbox 73 2425 227 2505; x_wconf 84' lang='lat' dir='ltr'><strong>sanguinis</strong></span> <span class='ocrx_word' id='word_1_230' title='bbox 241 2443 276 2485; x_wconf 89' lang='lat' dir='ltr'><strong>ao</strong></span> <span class='ocrx_word' id='word_1_231' title='bbox 286 2425 392 2485; x_wconf 87' lang='lat' dir='ltr'><strong>virium</strong></span> <span class='ocrx_word' id='word_1_232' title='bbox 404 2425 630 2486; x_wconf 89' lang='lat' dir='ltr'><strong>declamationes</strong></span> <span class='ocrx_word' id='word_1_233' title='bbox 640 2425 771 2486; x_wconf 91' lang='lat' dir='ltr'><strong>habeant</strong></span> <span class='ocrx_word' id='word_1_234' title='bbox 781 2443 869 2504; x_wconf 88' lang='lat' dir='ltr'><strong>quam</strong></span> <span class='ocrx_word' id='word_1_235' title='bbox 882 2427 1048 2501; x_wconf 89' lang='lat' dir='ltr'><strong>oraticnes;</strong></span> <span class='ocrx_word' id='word_1_236' title='bbox 1063 2426 1143 2504; x_wconf 91' lang='lat' dir='ltr'><strong>quod</strong></span> 
     </span>
     <span class='ocr_line' id='line_1_26' title="bbox 73 2509 1144 2588; baseline -0.001 -17"><span class='ocrx_word' id='word_1_237' title='bbox 73 2513 104 2572; x_wconf 94' lang='lat' dir='ltr'><strong>in</strong></span> <span class='ocrx_word' id='word_1_238' title='bbox 128 2510 184 2571; x_wconf 87' lang='lat' dir='ltr'><strong>illis</strong></span> <span class='ocrx_word' id='word_1_239' title='bbox 204 2527 282 2584; x_wconf 89' lang='lat' dir='ltr'><strong>vera,</strong></span> <span class='ocrx_word' id='word_1_240' title='bbox 302 2510 333 2570; x_wconf 95' lang='lat' dir='ltr'><strong>in</strong></span> <span class='ocrx_word' id='word_1_241' title='bbox 355 2509 400 2570; x_wconf 92' lang='lat' dir='ltr'><strong>his</strong></span> <span class='ocrx_word' id='word_1_242' title='bbox 421 2510 583 2571; x_wconf 89' lang='lat' dir='ltr'><strong>adsimilata</strong></span> <span class='ocrx_word' id='word_1_243' title='bbox 600 2511 723 2570; x_wconf 90' lang='lat' dir='ltr'><strong>materia</strong></span> <span class='ocrx_word' id='word_1_244' title='bbox 737 2518 789 2570; x_wconf 88' lang='lat' dir='ltr'><strong>est.</strong></span> <span class='ocrx_word' id='word_1_245' title='bbox 820 2510 902 2571; x_wconf 81' lang='lat' dir='ltr'><strong>lude</strong></span> <span class='ocrx_word' id='word_1_246' title='bbox 916 2511 996 2588; x_wconf 93' lang='lat' dir='ltr'><strong>quod</strong></span> <span class='ocrx_word' id='word_1_247' title='bbox 1011 2528 1052 2583; x_wconf 89' lang='lat' dir='ltr'><strong>ea,</strong></span> <span class='ocrx_word' id='word_1_248' title='bbox 1069 2528 1144 2588; x_wconf 89' lang='lat' dir='ltr'><strong>quae</strong></span> 
     </span>
     <span class='ocr_line' id='line_1_27' title="bbox 73 2593 1143 2672; baseline -0.002 -16"><span class='ocrx_word' id='word_1_249' title='bbox 73 2597 105 2656; x_wconf 92' lang='lat' dir='ltr'><strong>in</strong></span> <span class='ocrx_word' id='word_1_250' title='bbox 121 2605 238 2656; x_wconf 89' lang='lat' dir='ltr'><strong>oratore</strong></span> <span class='ocrx_word' id='word_1_251' title='bbox 252 2595 376 2656; x_wconf 83' lang='lat' dir='ltr'><strong>maxima</strong></span> <span class='ocrx_word' id='word_1_252' title='bbox 391 2605 470 2670; x_wconf 86' lang='lat' dir='ltr'><strong>sunt,</strong></span> <span class='ocrx_word' id='word_1_253' title='bbox 485 2594 637 2655; x_wconf 91' lang='lat' dir='ltr'><strong>imitabilia</strong></span> <span class='ocrx_word' id='word_1_254' title='bbox 651 2613 713 2656; x_wconf 94' lang='lat' dir='ltr'><strong>non</strong></span> <span class='ocrx_word' id='word_1_255' title='bbox 729 2602 808 2668; x_wconf 92' lang='lat' dir='ltr'><strong>sunt,</strong></span> <span class='ocrx_word' id='word_1_256' title='bbox 824 2594 987 2672; x_wconf 83' lang='lat' dir='ltr'><strong>ingenium,</strong></span> <span class='ocrx_word' id='word_1_257' title='bbox 1002 2593 1143 2668; x_wconf 89' lang='lat' dir='ltr'><strong>inventio,</strong></span> 
     </span>
     <span class='ocr_line' id='line_1_28' title="bbox 73 2677 1195 2759; baseline -0.005 -18"><span class='ocrx_word' id='word_1_258' title='bbox 73 2681 126 2754; x_wconf 86' lang='lat' dir='ltr'><strong>vis,</strong></span> <span class='ocrx_word' id='word_1_259' title='bbox 138 2681 261 2741; x_wconf 84' lang='lat' dir='ltr'><strong>facilitas</strong></span> <span class='ocrx_word' id='word_1_260' title='bbox 273 2689 303 2740; x_wconf 91' lang='lat' dir='ltr'><strong>et</strong></span> <span class='ocrx_word' id='word_1_261' title='bbox 313 2681 456 2759; x_wconf 91' lang='lat' dir='ltr'><strong>quidquid</strong></span> <span class='ocrx_word' id='word_1_262' title='bbox 468 2688 533 2744; x_wconf 83' lang='lat' dir='ltr'><strong>arta</strong></span> <span class='ocrx_word' id='word_1_263' title='bbox 542 2699 603 2741; x_wconf 96' lang='lat' dir='ltr'><strong>non</strong></span> <span class='ocrx_word' id='word_1_264' title='bbox 615 2678 750 2740; x_wconf 90' lang='lat' dir='ltr'><strong>traditur.</strong></span> <span class='ocrx_word' id='word_1_265' title='bbox 779 2678 907 2757; x_wconf 89' lang='lat' dir='ltr'><strong>Ideoque</strong></span> <span class='ocrx_word' id='word_1_266' title='bbox 920 2677 1063 2756; x_wconf 88' lang='lat' dir='ltr'><strong>plerique,</strong></span> <span class='ocrx_word' id='word_1_267' title='bbox 1075 2696 1144 2738; x_wconf 89' lang='lat' dir='ltr'><strong>oum</strong></span> <span class='ocrx_word' id='word_1_268' title='bbox 1167 2684 1195 2735; x_wconf 82' lang='lat' dir='ltr'><strong>ta</strong></span> 
     </span>
     <span class='ocr_line' id='line_1_29' title="bbox 73 2763 1144 2844; baseline 0 -20"><span class='ocrx_word' id='word_1_269' title='bbox 73 2765 165 2827; x_wconf 87' lang='lat' dir='ltr'><strong>verba</strong></span> <span class='ocrx_word' id='word_1_270' title='bbox 179 2765 320 2844; x_wconf 88' lang='lat' dir='ltr'><strong>quaedam</strong></span> <span class='ocrx_word' id='word_1_271' title='bbox 336 2785 373 2826; x_wconf 88' lang='lat' dir='ltr'><strong>ex</strong></span> <span class='ocrx_word' id='word_1_272' title='bbox 387 2764 571 2826; x_wconf 87' lang='lat' dir='ltr'><strong>orationibus</strong></span> <span class='ocrx_word' id='word_1_273' title='bbox 586 2773 798 2842; x_wconf 83' lang='lat' dir='ltr'><strong>excerpserunt</strong></span> <span class='ocrx_word' id='word_1_274' title='bbox 809 2771 859 2824; x_wconf 89' lang='lat' dir='ltr'><strong>aut</strong></span> <span class='ocrx_word' id='word_1_275' title='bbox 869 2763 984 2842; x_wconf 89' lang='lat' dir='ltr'><strong>aliquos</strong></span> <span class='ocrx_word' id='word_1_276' title='bbox 997 2763 1144 2842; x_wconf 87' lang='lat' dir='ltr'><strong>composi·</strong></span> 
     </span>
     <span class='ocr_line' id='line_1_30' title="bbox 73 2847 1144 2930; baseline -0.003 -19"><span class='ocrx_word' id='word_1_277' title='bbox 73 2851 165 2912; x_wconf 91' lang='lat' dir='ltr'><strong>tionis</strong></span> <span class='ocrx_word' id='word_1_278' title='bbox 180 2859 278 2912; x_wconf 88' lang='lat' dir='ltr'><strong>certos</strong></span> <span class='ocrx_word' id='word_1_279' title='bbox 293 2851 392 2930; x_wconf 91' lang='lat' dir='ltr'><strong>pedes,</strong></span> <span class='ocrx_word' id='word_1_280' title='bbox 408 2851 483 2910; x_wconf 89' lang='lat' dir='ltr'><strong>mire</strong></span> <span class='ocrx_word' id='word_1_281' title='bbox 505 2870 521 2911; x_wconf 87' lang='lat' dir='ltr'><strong>a</strong></span> <span class='ocrx_word' id='word_1_282' title='bbox 542 2869 573 2912; x_wconf 92' lang='lat' dir='ltr'><strong>se</strong></span> <span class='ocrx_word' id='word_1_283' title='bbox 588 2868 663 2928; x_wconf 87' lang='lat' dir='ltr'><strong>quae</strong></span> <span class='ocrx_word' id='word_1_284' title='bbox 677 2849 813 2928; x_wconf 89' lang='lat' dir='ltr'><strong>legerunt</strong></span> <span class='ocrx_word' id='word_1_285' title='bbox 829 2847 930 2927; x_wconf 88' lang='lat' dir='ltr'><strong>efiingi</strong></span> <span class='ocrx_word' id='word_1_286' title='bbox 945 2847 1144 2910; x_wconf 87' lang='lat' dir='ltr'><strong>arbitrantur:</strong></span> 
     </span>
     <span class='ocr_line' id='line_1_31' title="bbox 74 2933 1146 3014; baseline -0.002 -18"><span class='ocrx_word' id='word_1_287' title='bbox 74 2955 146 2997; x_wconf 92' lang='lat' dir='ltr'><strong>cum</strong></span> <span class='ocrx_word' id='word_1_288' title='bbox 161 2945 190 2996; x_wconf 88' lang='lat' dir='ltr'><strong>et</strong></span> <span class='ocrx_word' id='word_1_289' title='bbox 204 2935 294 2998; x_wconf 89' lang='lat' dir='ltr'><strong>verba</strong></span> <span class='ocrx_word' id='word_1_290' title='bbox 307 2935 485 2996; x_wconf 87' lang='lat' dir='ltr'><strong>intercidant</strong></span> <span class='ocrx_word' id='word_1_291' title='bbox 504 2935 742 3014; x_wconf 82' lang='lat' dir='ltr'><strong>invalescantque</strong></span> <span class='ocrx_word' id='word_1_292' title='bbox 762 2933 955 3014; x_wconf 90' lang='lat' dir='ltr'><strong>temporibus,</strong></span> <span class='ocrx_word' id='word_1_293' title='bbox 970 2943 1003 2994; x_wconf 89' lang='lat' dir='ltr'><strong>ut</strong></span> <span class='ocrx_word' id='word_1_294' title='bbox 1018 2953 1146 3012; x_wconf 89' lang='lat' dir='ltr'><strong>quorum</strong></span> 
     </span>
     <span class='ocr_line' id='line_1_32' title="bbox 73 3019 1146 3098; baseline -0.003 -16"><span class='ocrx_word' id='word_1_295' title='bbox 73 3019 239 3082; x_wconf 88' lang='lat' dir='ltr'><strong>certissima</strong></span> <span class='ocrx_word' id='word_1_296' title='bbox 254 3021 291 3081; x_wconf 92' lang='lat' dir='ltr'><strong>sit</strong></span> <span class='ocrx_word' id='word_1_297' title='bbox 305 3020 406 3097; x_wconf 89' lang='lat' dir='ltr'><strong>regula</strong></span> <span class='ocrx_word' id='word_1_298' title='bbox 420 3021 452 3081; x_wconf 92' lang='lat' dir='ltr'><strong>in</strong></span> <span class='ocrx_word' id='word_1_299' title='bbox 467 3021 690 3092; x_wconf 89' lang='lat' dir='ltr'><strong>consuetudine,</strong></span> <span class='ocrx_word' id='word_1_300' title='bbox 713 3038 806 3098; x_wconf 90' lang='lat' dir='ltr'><strong>eaque</strong></span> <span class='ocrx_word' id='word_1_301' title='bbox 821 3039 882 3080; x_wconf 91' lang='lat' dir='ltr'><strong>non</strong></span> <span class='ocrx_word' id='word_1_302' title='bbox 898 3037 951 3080; x_wconf 90' lang='lat' dir='ltr'><strong>sua</strong></span> <span class='ocrx_word' id='word_1_303' title='bbox 966 3027 1071 3080; x_wconf 91' lang='lat' dir='ltr'><strong>natura</strong></span> <span class='ocrx_word' id='word_1_304' title='bbox 1086 3019 1146 3081; x_wconf 89' lang='lat' dir='ltr'><strong>sint</strong></span> 
     </span>
    </p>
   </div>
   <div class='ocr_carea' id='block_1_3' title="bbox 65 3151 1149 4036">
    <p class='ocr_par' dir='ltr' id='par_1_3' title="bbox 74 3151 1146 3288">
     <span class='ocr_line' id='line_1_33' title="bbox 110 3151 1146 3218; baseline -0.003 -13"><span class='ocrx_word' id='word_1_305' title='bbox 110 3157 232 3206; x_wconf 75' lang='lat' dir='ltr'><strong>lineas-</strong></span> <span class='ocrx_word' id='word_1_306' title='bbox 237 3151 370 3218; x_wconf 66' lang='lat' dir='ltr'><strong>fecurunt,</strong></span> <span class='ocrx_word' id='word_1_307' title='bbox 379 3154 436 3206; x_wconf 87' lang='lat' dir='ltr'><strong>eine</strong></span> <span class='ocrx_word' id='word_1_308' title='bbox 442 3153 585 3206; x_wconf 86' lang='lat' dir='ltr'><strong>Umsebrei-</strong></span> <span class='ocrx_word' id='word_1_309' title='bbox 670 3153 852 3218; x_wconf 77' lang='lat' dir='ltr'><strong>quidquid-</strong></span> <span class='ocrx_word' id='word_1_310' title='bbox 870 3153 997 3216; x_wconf 59' lang='lat' dir='ltr'><strong>moditor,</strong></span> <span class='ocrx_word' id='word_1_311' title='bbox 1015 3167 1069 3204; x_wconf 82' lang='lat' dir='ltr'><strong>was</strong></span> <span class='ocrx_word' id='word_1_312' title='bbox 1086 3167 1146 3203; x_wconf 85' lang='lat' dir='ltr'><strong>man</strong></span> 
     </span>
     <span class='ocr_line' id='line_1_34' title="bbox 74 3213 1146 3288; baseline -0.005 -14"><span class='ocrx_word' id='word_1_313' title='bbox 74 3223 147 3288; x_wconf 86' lang='lat' dir='ltr'><strong>bung</strong></span> <span class='ocrx_word' id='word_1_314' title='bbox 163 3236 215 3272; x_wconf 83' lang='lat' dir='ltr'><strong>von</strong></span> <span class='ocrx_word' id='word_1_315' title='bbox 232 3213 463 3275; x_wconf 79' lang='lat' dir='ltr'><strong>‘Sobattemiesen’.</strong></span> <span class='ocrx_word' id='word_1_316' title='bbox 636 3221 691 3286; x_wconf 74' lang='lat' dir='ltr'><strong>also</strong></span> <span class='ocrx_word' id='word_1_317' title='bbox 708 3235 759 3272; x_wconf 79' lang='lat' dir='ltr'><strong>von</strong></span> <span class='ocrx_word' id='word_1_318' title='bbox 773 3220 854 3272; x_wconf 87' lang='lat' dir='ltr'><strong>Natur</strong></span> <span class='ocrx_word' id='word_1_319' title='bbox 868 3220 970 3284; x_wconf 84' lang='lat' dir='ltr'><strong>besitzt,</strong></span> <span class='ocrx_word' id='word_1_320' title='bbox 988 3220 1049 3272; x_wconf 89' lang='lat' dir='ltr'><strong>oder</strong></span> <span class='ocrx_word' id='word_1_321' title='bbox 1067 3219 1146 3271; x_wconf 86' lang='lat' dir='ltr'><strong>durch</strong></span> 
     </span>
    </p>

    <p class='ocr_par' dir='ltr' id='par_1_4' title="bbox 110 3287 853 3356">
     <span class='ocr_line' id='line_1_35' title="bbox 110 3287 853 3356; baseline -0.008 -13"><span class='ocrx_word' id='word_1_322' title='bbox 110 3293 134 3343; x_wconf 83' lang='lat'><strong>8.</strong></span> <span class='ocrx_word' id='word_1_323' title='bbox 152 3305 225 3340; x_wconf 77' lang='lat' dir='ltr'><strong>nunc</strong></span> <span class='ocrx_word' id='word_1_324' title='bbox 242 3289 353 3356; x_wconf 62' lang='lat' dir='ltr'><strong>daucum</strong></span> <span class='ocrx_word' id='word_1_325' title='bbox 367 3291 434 3354; x_wconf 83' lang='lat' dir='ltr'><strong>jetat</strong></span> <span class='ocrx_word' id='word_1_326' title='bbox 450 3289 551 3356; x_wconf 84' lang='lat' dir='ltr'><strong>gerade.</strong></span> <span class='ocrx_word' id='word_1_327' title='bbox 635 3287 728 3352; x_wconf 83' lang='lat' dir='ltr'><strong>Ubung</strong></span> <span class='ocrx_word' id='word_1_328' title='bbox 746 3287 853 3352; x_wconf 84' lang='lat' dir='ltr'><strong>erlangt.</strong></span> 
     </span>
    </p>

    <p class='ocr_par' dir='ltr' id='par_1_5' title="bbox 110 3348 1147 3422">
     <span class='ocr_line' id='line_1_36' title="bbox 110 3348 1147 3422; baseline -0.004 -12"><span class='ocrx_word' id='word_1_329' title='bbox 110 3361 136 3410; x_wconf 86' lang='grc'><strong>9.</strong></span> <span class='ocrx_word' id='word_1_330' title='bbox 156 3362 292 3409; x_wconf 82' lang='lat' dir='ltr'><strong>oratorem</strong></span> <span class='ocrx_word' id='word_1_331' title='bbox 305 3357 469 3422; x_wconf 73' lang='lat' dir='ltr'><strong>perfectum,</strong></span> <span class='ocrx_word' id='word_1_332' title='bbox 487 3374 508 3409; x_wconf 90' lang='lat' dir='ltr'><strong>s.</strong></span> <span class='ocrx_word' id='word_1_333' title='bbox 518 3357 534 3422; x_wconf 67' lang='grc' dir='ltr'><strong>ξ</strong></span> <span class='ocrx_word' id='word_1_334' title='bbox 544 3360 584 3410; x_wconf 80' lang='lat'><strong>28.</strong></span> <span class='ocrx_word' id='word_1_335' title='bbox 671 3359 711 3408; x_wconf 86' lang='grc'><strong>13.</strong></span> <span class='ocrx_word' id='word_1_336' title='bbox 729 3358 942 3421; x_wconf 73' lang='lat' dir='ltr'><strong>compositionis,</strong></span> <span class='ocrx_word' id='word_1_337' title='bbox 959 3348 1011 3407; x_wconf 87' lang='lat' dir='ltr'><strong>‘ein</strong></span> <span class='ocrx_word' id='word_1_338' title='bbox 1029 3353 1147 3420; x_wconf 86' lang='lat' dir='ltr'><strong>Wortge-</strong></span> 
     </span>
    </p>

    <p class='ocr_par' dir='ltr' id='par_1_6' title="bbox 112 3416 852 3490">
     <span class='ocr_line' id='line_1_37' title="bbox 112 3416 852 3490; baseline -0.007 -12"><span class='ocrx_word' id='word_1_339' title='bbox 112 3423 584 3490; x_wconf 82' lang='lat' dir='ltr'><strong>10.Addequod,s.EinleituugS.13.</strong></span> <span class='ocrx_word' id='word_1_340' title='bbox 636 3416 703 3490; x_wconf 75' lang='lat' dir='ltr'><strong>tuge’</strong></span> <span class='ocrx_word' id='word_1_341' title='bbox 723 3423 776 3488; x_wconf 85' lang='lat' dir='ltr'><strong>vgl.</strong></span> <span class='ocrx_word' id='word_1_342' title='bbox 794 3422 811 3490; x_wconf 58' lang='grc' dir='ltr'><strong><em>ἦ</em></strong></span> <span class='ocrx_word' id='word_1_343' title='bbox 831 3425 852 3474; x_wconf 87' lang='grc'><strong>1.</strong></span> 
     </span>
    </p>

    <p class='ocr_par' dir='ltr' id='par_1_7' title="bbox 75 3485 1149 3625">
     <span class='ocr_line' id='line_1_38' title="bbox 113 3485 1147 3556; baseline -0.005 -11"><span class='ocrx_word' id='word_1_344' title='bbox 113 3493 227 3545; x_wconf 81' lang='lat' dir='ltr'><strong>Tantam</strong></span> <span class='ocrx_word' id='word_1_345' title='bbox 239 3492 428 3556; x_wconf 67' lang='lat' dir='ltr'><strong>difficultatum</strong></span> <span class='ocrx_word' id='word_1_346' title='bbox 439 3495 525 3555; x_wconf 82' lang='lat' dir='ltr'><strong>babet,</strong></span> <span class='ocrx_word' id='word_1_347' title='bbox 541 3485 586 3544; x_wconf 87' lang='lat' dir='ltr'><strong>‘ist</strong></span> <span class='ocrx_word' id='word_1_348' title='bbox 670 3507 730 3542; x_wconf 85' lang='lat' dir='ltr'><strong>cum</strong></span> <span class='ocrx_word' id='word_1_349' title='bbox 748 3496 773 3542; x_wconf 80' lang='lat' dir='ltr'><strong>ot</strong></span> <span class='ocrx_word' id='word_1_350' title='bbox 790 3493 839 3542; x_wconf 85' lang='lat' dir='ltr'><strong>eet.</strong></span> <span class='ocrx_word' id='word_1_351' title='bbox 866 3489 915 3542; x_wconf 84' lang='lat' dir='ltr'><strong>Der</strong></span> <span class='ocrx_word' id='word_1_352' title='bbox 928 3489 1147 3542; x_wconf 76' lang='lat' dir='ltr'><strong>einscbriinltende</strong></span> 
     </span>
     <span class='ocr_line' id='line_1_39' title="bbox 75 3555 1149 3625; baseline -0.007 -11"><span class='ocrx_word' id='word_1_353' title='bbox 75 3578 105 3614; x_wconf 92' lang='lat' dir='ltr'><strong>so</strong></span> <span class='ocrx_word' id='word_1_354' title='bbox 124 3562 226 3614; x_wconf 84' lang='lat' dir='ltr'><strong>schwer</strong></span> <span class='ocrx_word' id='word_1_355' title='bbox 243 3561 422 3625; x_wconf 84' lang='lat' dir='ltr'><strong>herzustellen‚</strong></span> <span class='ocrx_word' id='word_1_356' title='bbox 439 3577 468 3614; x_wconf 85' lang='lat' dir='ltr'><strong>so</strong></span> <span class='ocrx_word' id='word_1_357' title='bbox 486 3555 587 3612; x_wconf 86' lang='lat' dir='ltr'><strong>selten’.</strong></span> <span class='ocrx_word' id='word_1_358' title='bbox 637 3557 787 3612; x_wconf 84' lang='lat' dir='ltr'><strong>Kausalsatz</strong></span> <span class='ocrx_word' id='word_1_359' title='bbox 802 3558 921 3624; x_wconf 89' lang='lat' dir='ltr'><strong>scbleppt</strong></span> <span class='ocrx_word' id='word_1_360' title='bbox 940 3557 1006 3610; x_wconf 88' lang='lat' dir='ltr'><strong>nach</strong></span> <span class='ocrx_word' id='word_1_361' title='bbox 1024 3557 1081 3608; x_wconf 89' lang='lat' dir='ltr'><strong>dem</strong></span> <span class='ocrx_word' id='word_1_362' title='bbox 1099 3555 1149 3608; x_wconf 85' lang='lat' dir='ltr'><strong>Ge-</strong></span> 
     </span>
    </p>

    <p class='ocr_par' dir='ltr' id='par_1_8' title="bbox 73 3623 1149 3764">
     <span class='ocr_line' id='line_1_40' title="bbox 111 3623 1147 3692; baseline -0.006 -10"><span class='ocrx_word' id='word_1_363' title='bbox 111 3632 266 3682; x_wconf 78' lang='lat' dir='ltr'><strong>diacra&#39;ma&#39;ne</strong></span> <span class='ocrx_word' id='word_1_364' title='bbox 283 3658 317 3668; x_wconf 94' lang='lat'>-</span> <span class='ocrx_word' id='word_1_365' title='bbox 341 3630 542 3692; x_wconf 70' lang='lat' dir='ltr'><strong>discmnontur,</strong></span> <span class='ocrx_word' id='word_1_366' title='bbox 566 3643 588 3679; x_wconf 90' lang='lat' dir='ltr'><strong>s.</strong></span> <span class='ocrx_word' id='word_1_367' title='bbox 638 3627 759 3680; x_wconf 79' lang='lat' dir='ltr'><strong>schmaolr</strong></span> <span class='ocrx_word' id='word_1_368' title='bbox 786 3627 830 3680; x_wconf 89' lang='lat' dir='ltr'><strong>des</strong></span> <span class='ocrx_word' id='word_1_369' title='bbox 858 3627 985 3679; x_wconf 90' lang='lat' dir='ltr'><strong>silberuen</strong></span> <span class='ocrx_word' id='word_1_370' title='bbox 1014 3623 1147 3690; x_wconf 69' lang='lat' dir='ltr'><strong>Zeitalters</strong></span> 
     </span>
     <span class='ocr_line' id='line_1_41' title="bbox 73 3690 1149 3764; baseline -0.007 -14"><span class='ocrx_word' id='word_1_371' title='bbox 73 3697 328 3764; x_wconf 82' lang='lat' dir='ltr'><strong>EinleitungS.13.</strong></span> <span class='ocrx_word' id='word_1_372' title='bbox 637 3695 780 3756; x_wconf 87' lang='lat' dir='ltr'><strong>binterher;</strong></span> <span class='ocrx_word' id='word_1_373' title='bbox 799 3696 895 3748; x_wconf 84' lang='lat' dir='ltr'><strong>ebenso</strong></span> <span class='ocrx_word' id='word_1_374' title='bbox 913 3695 930 3761; x_wconf 83' lang='lat'>§</span> <span class='ocrx_word' id='word_1_375' title='bbox 949 3695 990 3746; x_wconf 82' lang='lat'><strong>23.</strong></span> <span class='ocrx_word' id='word_1_376' title='bbox 1019 3691 1088 3744; x_wconf 87' lang='lat' dir='ltr'><strong>Uber</strong></span> <span class='ocrx_word' id='word_1_377' title='bbox 1099 3690 1149 3744; x_wconf 91' lang='lat' dir='ltr'><strong>den</strong></span> 
     </span>
    </p>

    <p class='ocr_par' dir='ltr' id='par_1_9' title="bbox 65 3759 1149 3966">
     <span class='ocr_line' id='line_1_42' title="bbox 113 3759 1149 3832; baseline -0.009 -12"><span class='ocrx_word' id='word_1_378' title='bbox 113 3771 154 3820; x_wconf 90' lang='grc'><strong>11.</strong></span> <span class='ocrx_word' id='word_1_379' title='bbox 180 3767 252 3832; x_wconf 83' lang='lat' dir='ltr'><strong>quod</strong></span> <span class='ocrx_word' id='word_1_380' title='bbox 273 3768 409 3829; x_wconf 78' lang='lat' dir='ltr'><strong>imitatur,</strong></span> <span class='ocrx_word' id='word_1_381' title='bbox 431 3759 501 3816; x_wconf 88' lang='lat' dir='ltr'><strong>‘sein</strong></span> <span class='ocrx_word' id='word_1_382' title='bbox 525 3763 588 3817; x_wconf 83' lang='lat' dir='ltr'><strong>Vor-</strong></span> <span class='ocrx_word' id='word_1_383' title='bbox 639 3763 778 3816; x_wconf 86' lang='lat' dir='ltr'><strong>Gedanken</strong></span> <span class='ocrx_word' id='word_1_384' title='bbox 795 3763 848 3829; x_wconf 84' lang='lat' dir='ltr'><strong>vgl.</strong></span> <span class='ocrx_word' id='word_1_385' title='bbox 866 3762 923 3814; x_wconf 87' lang='lat' dir='ltr'><strong>llor.</strong></span> <span class='ocrx_word' id='word_1_386' title='bbox 936 3761 985 3812; x_wconf 77' lang='lat' dir='ltr'><strong>Ars</strong></span> <span class='ocrx_word' id='word_1_387' title='bbox 1003 3766 1072 3826; x_wconf 86' lang='lat' dir='ltr'><strong>poet.</strong></span> <span class='ocrx_word' id='word_1_388' title='bbox 1091 3759 1149 3812; x_wconf 80' lang='lat' dir='ltr'><strong>tot.</strong></span> 
     </span>
     <span class='ocr_line' id='line_1_43' title="bbox 65 3827 1148 3900; baseline -0.006 -14"><span class='ocrx_word' id='word_1_389' title='bbox 65 3827 149 3887; x_wconf 88' lang='lat' dir='ltr'><strong>bild&#39;.</strong></span> <span class='ocrx_word' id='word_1_390' title='bbox 186 3833 296 3898; x_wconf 81' lang='lat' dir='ltr'><strong>Subjekt</strong></span> <span class='ocrx_word' id='word_1_391' title='bbox 311 3835 346 3887; x_wconf 89' lang='lat' dir='ltr'><strong>ist</strong></span> <span class='ocrx_word' id='word_1_392' title='bbox 361 3833 494 3900; x_wconf 79' lang='lat' dir='ltr'><strong>quidquid</strong></span> <span class='ocrx_word' id='word_1_393' title='bbox 510 3833 590 3884; x_wconf 74' lang='lat' dir='ltr'><strong>atteri</strong></span> <span class='ocrx_word' id='word_1_394' title='bbox 673 3834 752 3882; x_wconf 83' lang='lat' dir='ltr'><strong>corba</strong></span> <span class='ocrx_word' id='word_1_395' title='bbox 769 3859 803 3870; x_wconf 85' lang='lat'>-</span> <span class='ocrx_word' id='word_1_396' title='bbox 822 3832 996 3896; x_wconf 68' lang='lat' dir='ltr'><strong>conpotum,</strong></span> <span class='ocrx_word' id='word_1_397' title='bbox 1020 3828 1072 3894; x_wconf 86' lang='lat' dir='ltr'><strong>vgl.</strong></span> <span class='ocrx_word' id='word_1_398' title='bbox 1090 3827 1148 3880; x_wconf 88' lang='lat' dir='ltr'><strong>llor.</strong></span> 
     </span>
     <span class='ocr_line' id='line_1_44' title="bbox 73 3900 903 3966; baseline -0.006 -12"><span class='ocrx_word' id='word_1_399' title='bbox 73 3903 165 3954; x_wconf 77' lang='lat' dir='ltr'><strong>similo</strong></span> <span class='ocrx_word' id='word_1_400' title='bbox 182 3908 228 3954; x_wconf 78' lang='lat' dir='ltr'><strong>est.</strong></span> <span class='ocrx_word' id='word_1_401' title='bbox 522 3943 525 3952; x_wconf 91' lang='lat'><strong>.</strong></span> <span class='ocrx_word' id='word_1_402' title='bbox 640 3900 688 3952; x_wconf 78' lang='lat' dir='ltr'><strong>Ars</strong></span> <span class='ocrx_word' id='word_1_403' title='bbox 706 3903 776 3966; x_wconf 81' lang='lat' dir='ltr'><strong>poet.</strong></span> <span class='ocrx_word' id='word_1_404' title='bbox 794 3902 903 3963; x_wconf 70' lang='lat'><strong>60-62.</strong></span> 
     </span>
    </p>

    <p class='ocr_par' dir='ltr' id='par_1_10' title="bbox 114 3963 1149 4036">
     <span class='ocr_line' id='line_1_45' title="bbox 114 3963 1149 4036; baseline -0.009 -12"><span class='ocrx_word' id='word_1_405' title='bbox 114 3974 223 4032; x_wconf 70' lang='lat' dir='ltr'><strong>12an&#39;s,</strong></span> <span class='ocrx_word' id='word_1_406' title='bbox 241 3970 293 4036; x_wconf 86' lang='lat' dir='ltr'><strong>vgl.</strong></span> <span class='ocrx_word' id='word_1_407' title='bbox 312 3969 329 4036; x_wconf 63' lang='grc' dir='ltr'><strong>ξ</strong></span> <span class='ocrx_word' id='word_1_408' title='bbox 347 3973 387 4025; x_wconf 76' lang='lat'><strong>25.</strong></span> <span class='ocrx_word' id='word_1_409' title='bbox 409 3975 430 4034; x_wconf 92' lang='grc'><strong>1,</strong></span> <span class='ocrx_word' id='word_1_410' title='bbox 450 3971 506 4022; x_wconf 85' lang='grc'><strong>108.</strong></span> <span class='ocrx_word' id='word_1_411' title='bbox 681 3983 772 4034; x_wconf 80' lang='lat' dir='ltr'><strong>eaque.</strong></span> <span class='ocrx_word' id='word_1_412' title='bbox 810 3967 858 4018; x_wconf 82' lang='lat' dir='ltr'><strong>Ein</strong></span> <span class='ocrx_word' id='word_1_413' title='bbox 880 3965 1016 4031; x_wconf 84' lang='lat' dir='ltr'><strong>Ubergang</strong></span> <span class='ocrx_word' id='word_1_414' title='bbox 1044 3963 1089 4016; x_wconf 90' lang='lat' dir='ltr'><strong>der</strong></span> <span class='ocrx_word' id='word_1_415' title='bbox 1111 3978 1149 4015; x_wconf 87' lang='lat' dir='ltr'><strong>re-</strong></span> 
     </span>
    </p>
   </div>
   <div class='ocr_carea' id='block_1_4' title="bbox 0 0 1416 4608">
    <p class='ocr_par' dir='ltr' id='par_1_11' title="bbox 0 0 1416 4608">
     <span class='ocr_line' id='line_1_46' title="bbox 0 0 1416 4608; baseline 0 0"><span class='ocrx_word' id='word_1_416' title='bbox 0 0 1416 4608; x_wconf 95' lang='lat' dir='ltr'><strong> </strong></span> 
     </span>
    </p>
   </div>
  </div>
 </body>
</html>
