2796 4608
716 880 825 953 Canna
853 881 876 950 l.

556 1031 612 1101 DE
640 1031 764 1103 conl
790 1030 1036 1102 VERBORUM.

224 1223 237 1274 t
346 1216 403 1276 Sed
418 1216 490 1278 haec
507 1216 665 1294 eloquendi
680 1224 837 1295 praecepta
862 1215 939 1276 sicut
955 1217 1118 1295 cognitioni
1139 1226 1210 1279 sunt
1228 1237 1335 1282 neces-

261 1300 346 1374 saria,
362 1300 399 1360 ita
416 1319 477 1362 non
494 1301 563 1361 satis
577 1300 612 1360 ad
624 1300 682 1360 vim
698 1299 816 1361 dicendi
827 1299 933 1374 valent,
949 1300 1006 1362 nisi
1021 1301 1077 1362 illis
1092 1303 1176 1362 linna
1189 1304 1336 1381 quaedam

261 1385 393 1459 facilitas,
410 1403 485 1463 quae
496 1384 574 1463 apud
587 1383 714 1446 Graecos
727 1380 793 1458 ἕξις
805 1385 984 1460 nominatur,
996 1387 1161 1448 accesseiit.
1188 1387 1230 1449 ln
1244 1406 1336 1466 quam

261 1470 420 1530 scribendo
437 1469 503 1548 plns
518 1487 555 1527 an
571 1468 697 1547 legendo
713 1487 749 1528 an
766 1469 891 1530 dicendo
908 1471 1094 1544 conferetur,
1117 1471 1214 1532 solere
1229 1475 1336 1550 quaeri

261 1555 338 1614 scio:
352 1554 430 1631 quod
443 1561 520 1613 esset
529 1552 698 1630 diligentius
710 1552 798 1614 nobis
806 1554 1043 1629 examinandum,
1054 1555 1079 1616 si
1091 1555 1338 1640 qualibetteanum

225 1647 240 1696 1
260 1656 361 1697 reruni
377 1655 532 1715 possemus
547 1655 606 1697 una
622 1655 686 1698 esse
702 1639 845 1700 contenti.
876 1639 985 1700 Verum
1001 1641 1040 1702 ita
1055 1649 1125 1702 sunt
1140 1641 1220 1701 inter
1234 1660 1266 1702 se
1282 1661 1337 1703 co-

262 1740 339 1781 nexa
354 1731 384 1782 et
398 1721 555 1782 indiscreta
571 1723 684 1796 omnia,
708 1733 755 1797 ut,
778 1724 802 1784 si
819 1721 889 1802 quid
906 1743 940 1784 ex
955 1726 1001 1785 his
1016 1725 1150 1800 deluerit,
1173 1727 1339 1788 trustra-sit

262 1806 292 1865 in
309 1806 413 1866 ceteris
429 1805 602 1866 laboratum.
629 1807 701 1866 Nam
718 1827 815 1887 neque
830 1808 921 1868 solide
934 1817 1021 1887 atque
1032 1810 1154 1870 robusta
1165 1811 1254 1871 luerit
1267 1829 1339 1871 um·

263 1908 351 1968 quem
367 1891 550 1968 eloquentia,
574 1891 630 1952 nisi
644 1891 736 1952 multo
752 1893 819 1952 stilo
835 1893 912 1953 vires
927 1894 1083 1972 acceperit,
1099 1902 1129 1978 et
1143 1895 1215 1954 citra
1230 1895 1338 1955 lectio·

262 1975 308 2035 nis
322 1976 491 2053 exemplum
506 1975 590 2036 labor
605 1975 653 2035 ille
669 1995 774 2037 canens
785 1985 900 2036 rectore
912 1976 1052 2037 fluitabit:
1070 1986 1095 2038 et
1111 1978 1161 2056 qui
1176 1979 1257 2052 sciet,
1274 1998 1339 2057 qno

262 2077 397 2138 quaeque
412 2059 472 2120 sint
488 2061 573 2121 inodo
589 2059 722 2134 dicenda,
738 2061 794 2121 nisi
809 2069 958 2138 tamquam
972 2061 1003 2120 in
1015 2062 1172 2140 procinctu
1187 2071 1339 2142 paratam-

298 2195 320 2242 1.
339 2194 403 2241 llaec
420 2219 452 2229 -
466 2196 612 2256 praecepta
637 2192 671 2242 ist
694 2193 773 2258 allge-
823 2192 875 2258 vgl.
893 2191 911 2254 l,
930 2195 953 2256 2,
972 2197 986 2244 3
1006 2192 1059 2242 Sed
1074 2208 1132 2242 mea
1151 2194 1257 2256 qnidam
1278 2211 1342 2246 een-

262 2259 329 2309 mein
347 2274 379 2308 zu
392 2259 525 2310 venstehen
543 2274 594 2310 von
608 2258 657 2310 den
670 2259 773 2311 Anwci-
824 2262 907 2310 tentia
924 2261 1044 2309 innata
1066 2261 1119 2309 ista
1145 2263 1190 2321 (sc.
1209 2261 1274 2310 ratio
1297 2265 1342 2313 vi-

262 2340 360 2391 scngen
374 2326 407 2376 im
420 2325 609 2389 3.—9.Buclie,
628 2341 678 2377 von
691 2326 773 2378 denen
824 2325 899 2378 venti
925 2326 1033 2378 honeste
1055 2329 1081 2377 et
1104 2326 1200 2392 optime
1224 2325 1342 2393 dicendi)

263 2393 317 2445 sich
343 2393 384 2444 die
401 2392 501 2444 Bicher
519 2397 584 2444 3—'1
604 2395 650 2444 mit
667 2393 712 2445 der
730 2395 773 2445 lir-
824 2399 904 2459 atque
915 2395 1108 2445 indisereta
1119 2397 1196 2444 sunt:
1210 2393 1281 2444 nicht
1293 2394 1342 2446 bei

263 2459 369 2527 findnng
387 2461 521 2524 (inventio)
543 2461 594 2512 und
617 2462 774 2528 Anordnung
826 2461 921 2512 Cicero.

263 2528 417 2596 (dispositio)
430 2527 475 2578 des
486 2529 660 2581 rhetorisclten
670 2529 772 2594 Stellas,
857 2529 942 2579 multo
952 2530 1023 2593 stilo,
1033 2527 1057 2580 d.
1067 2529 1083 2578 i.
1094 2528 1178 2578 matta
1187 2529 1342 2595 contendo,

263 2601 329 2649 8-9
355 2596 400 2647 mit
424 2595 481 2647 dem
508 2597 683 2662 sprechliehen
707 2599 773 2650 Ans·
823 2597 875 2662 vgl.
894 2599 918 2657 6,
938 2599 960 2649 3.
980 2599 1003 2660 t,
1021 2599 1045 2648 4.
1065 2599 1087 2647 7.
1117 2596 1166 2647 Glc.
1186 2594 1341 2663 decretl,

262 2663 343 2715 druck
360 2663 493 2727 (elocutio)
512 2665 697 2730 beschiltigen.
825 2669 865 2727 33,
881 2667 928 2717 150
940 2664 1018 2715 stilae
1034 2666 1149 2728 optimas
1161 2668 1341 2728 etpraeatan·

296 2733 407 2781 eiant—
419 2734 458 2782 ita
470 2747 533 2796 non,
546 2747 566 2783 s.
579 2732 680 2785 Einleit.
694 2731 720 2784 S.
734 2735 772 2784 14.
825 2734 943 2782 hosianna
967 2732 1072 2781 dicendi
1095 2731 1204 2794 affector
1228 2747 1260 2782 ae
1280 2747 1342 2782 ana-

297 2801 447 2862 aognttteni
464 2798 545 2850 bildet
562 2799 611 2850 den
630 2799 772 2864 Gegensatz
822 2802 917 2863 gister.

263 2881 295 2916 zu
315 2869 369 2916 cim
387 2867 506 2930 dicendi,
530 2866 580 2916 wie
597 2865 706 2918 Theonie
730 2881 774 2916 zur
840 2869 938 2928 ¹citra,
957 2881 977 2916 s.
991 2865 1139 2931 Einleitung
1152 2863 1177 2916 S.
1194 2868 1232 2928 14,
1249 2871 1342 2918 zuerst

263 2932 365 2984 Praxis:
384 2934 485 2984 'ilinlicli
503 2933 531 2997 ll,
553 2935 617 2995 18,1
639 2933 704 2985 Οιιφη
720 2937 775 2984 sint
826 2949 855 2985 so
880 2933 921 2984 bei
945 2932 1078 2998 Dichtern,
1102 2933 1170 2984 donn
1193 2931 1281 2998 hiclig
1301 2933 1342 2984 im

264 3005 353 3052 antem
370 3005 470 3052 artium
488 3003 559 3052 aliae
567 3004 673 3066 positae
690 3005 719 3052 in
734 3004 776 3051 in·
826 3001 954 3052 silbernen
972 2999 1101 3063 Zeitalter‚
1119 2999 1171 3066 vgl.
1190 3004 1214 3062 l,
1233 3003 1256 3050 'l.

263 3071 410 3134 spectione,
442 3069 473 3119 id
501 3073 540 3118 eet
569 3071 722 3132 cognitione
751 3073 777 3118 et
860 3069 991 3130 fluitabit,
1026 3069 1074 3120 wie
1104 3067 1149 3119 das
1179 3065 1262 3118 Schiff
1288 3067 1342 3119 (len

265 3139 448 3187 aestimatione
465 3152 564 3188 rernm.
598 3175 602 3179 .
828 3133 995 3186 Steuermann
1019 3136 1090 3201 nitig
1114 3135 1172 3200 nat,
1197 3149 1226 3185 eo
1248 3133 1346 3186 bellari

298 3207 351 3254 vim
369 3204 476 3254 dicendi
493 3203 538 3255 des
551 3202 645 3254 Reden.
671 3206 712 3254 cie
729 3203 776 3254 mit
828 3202 872 3254 der
889 3202 1018 3254 Lernende
1042 3203 1087 3255 des
1105 3201 1241 3254 Verbildes
1264 3205 1345 3266 guter

264 3272 322 3323 dem
346 3270 447 3322 Genitiv
471 3271 516 3322 ales
541 3269 709 3322 Gerundinms
733 3272 776 3322 be·
828 3269 1011 3322 Schriltsteller
1033 3271 1085 3336 vgl.
1108 3268 1161 3334 Vll,
1186 3267 1303 3321 Prooem.
1326 3274 1344 3324 3

265 3339 382 3390 zeichnet
406 3337 455 3390 den
480 3338 707 3390 substantivierten
728 3337 776 3390 Be·
828 3341 916 3389 oratio
938 3354 1031 3389 carone
1055 3341 1105 3390 leae
1122 3339 1223 3388 virtute
1241 3339 1345 3388 tumut-

265 3405 326 3472 grili'
340 3405 385 3457 ales
403 3405 536 3457 lnfinitivs
828 3411 918 3456 tuetur
935 3423 1039 3457 necesse
1056 3412 1097 3457 eet
1112 3409 1139 3456 et
1155 3407 1213 3456 eine
1233 3409 1345 3456 rectore

300 3475 536 3540 qualibet-ana.
565 3473 682 3536 Quilibet
692 3473 776 3524 neben
827 3476 923 3536 fluitet.

264 3558 341 3606 anne,
352 3541 403 3592 wie
412 3539 443 3606 V,
455 3544 494 3603 10,
506 3545 552 3594 111
567 3541 695 3606 quamdin
705 3545 776 3606 qni·
861 3544 891 3591 in
904 3544 1048 3607 procincta
1061 3545 1142 3603 stare,
1161 3538 1346 3592 militirischer

266 3611 347 3660 tibet
364 3625 448 3658 nnnc
464 3608 638 3675 mpersnertt.
664 3609 737 3660 Anah
749 3609 776 3660 in
827 3608 963 3661 Austruck
984 3623 1035 3660 von
1061 3607 1110 3659 den
1134 3606 1270 3669 Soldeten,
1299 3607 1346 3660 die

265 3676 445 3742 ningekehrter
464 3675 691 3742 Ordnnngl,12‚'l
712 3693 776 3742 qaa-
829 3692 885 3728 auin
904 3675 1012 3742 Kample
1029 3675 1111 3726 bereit
1132 3673 1253 3734 daetehn;
1279 3675 1346 3728 ilin-

265 3759 325 3794 rum
354 3759 403 3794 nos
428 3760 493 3794 nna
520 3761 575 3795 ree
606 3745 777 3808 quaelibet
828 3744 880 3795 lich
893 3744 943 3794 wie
955 3743 1017 3809 hier,
1030 3741 1199 3795 vomRedner
1211 3740 1343 3806 xll,e,21

265 3812 337 3861 nihil
344 3814 549 3862 intermittentes
557 3811 696 3876 fatigaret.
714 3811 777 3864 Eine
829 3816 962 3863 armatum
980 3827 1081 3877 semper
1099 3827 1131 3862 aa
1142 3809 1216 3860 cetat
1231 3811 1261 3858 tn
1274 3826 1345 3876 pro·

266 3877 504 3931 nachciceronische
523 3878 696 3944 Verbindung.
830 3882 919 3930 nnete
931 3883 1052 3942 stantem,
1071 3878 1135 3930 ‹lazc
1152 3877 1204 3943 vgl.
1219 3877 1235 3941 ξ
1248 3879 1280 3929 29
1294 3894 1348 3929 noe

300 3948 323 3997 2.
359 3946 518 4013 indiscreta,
544 3942 776 4012 ‘nnzertrennlicli‘,
829 3963 891 3998 cero
910 3950 1029 3997 armatae
1046 3947 1118 3997 ctare
1134 3948 1163 3995 tn
1181 3947 1247 3995 aete.
