2796 4608
456 301 563 354 unrur
581 301 598 356 ι
616 301 633 369 s
651 305 759 358 aa-sa.
795 349 798 352 .
1096 301 1137 363 aa

67 493 239 556 pensamus.
271 475 365 536 Ceteri
380 493 484 537 omnes
498 476 586 556 longe
602 485 772 556 sequentur.
802 477 874 537 Nam
891 477 1009 538 Macar
1024 487 1053 538 ot
1067 477 1138 538 Lu·
1159 490 1189 540 aa

68 561 219 623 oratius
234 561 350 640 legendi
366 560 500 640 quidem,
522 559 572 622 scd
587 579 648 622 non
665 571 698 622 ut
712 562 832 642 phrasin
848 561 876 623 id
892 571 937 624 est
953 580 1061 642 corpus
1076 565 1137 624 olo-

68 645 210 726 quentiae
224 645 346 722 taciant3
362 646 511 725 elegantes
525 646 556 706 in
572 665 624 707 sua
639 647 763 725 quisque
777 647 913 719 materia,
928 648 978 708 sed
995 648 1069 708 aiter
1081 649 1137 709 hu-

67 731 148 792 milis
163 731 237 791 alter
251 729 385 792 difficilis.
415 729 600 791 Atacinus
614 731 732 790 Varro
747 731 777 792 iu
794 732 843 806 iis,
867 749 921 811 per
937 749 1011 812 quae
1026 751 1135 794 nonren

67 825 115 878 est
128 817 299 888 adsecutus,
321 813 471 894 interpres
485 814 583 893 operis
600 813 702 888 alieni,
726 833 787 876 non
809 817 996 895 spernendus
1018 819 1136 897 quidam

66 919 171 964 verum
184 901 220 961 ad
231 900 394 979 augendam
404 899 571 960 facultatem
584 899 700 962 dicendi
710 917 815 978 parum
823 901 964 980 locuples.
987 901 1136 964 Ennium
1158 913 1189 964 88

65 987 145 1048 sicut
160 1003 261 1048 sacros
275 992 418 1045 vetustate
433 983 516 1044 lucos
530 983 695 1058 adoremus,
711 985 741 1044 in
759 985 866 1063 quibus
880 987 1000 1064 grandia
1015 996 1046 1048 et
1060 989 1136 1049 anti-

66 1089 127 1150 qua
143 1070 253 1131 robora
268 1070 324 1130 iam
336 1075 402 1130 'nou
412 1077 525 1130 tantam
538 1069 650 1130 habent
659 1069 788 1149 speciem
801 1079 940 1149 quanam
952 1072 1136 1152 religionem.

65 1156 229 1236 Propiores
244 1154 291 1215 alii
305 1162 393 1234 atquc
408 1153 444 1214 ad
460 1154 525 1227 hoc,
541 1155 576 1218 de
592 1173 652 1234 quo
668 1154 833 1234 loquimur,
848 1155 942 1234 magis
955 1157 1050 1218 utiles.
1082 1159 1136 1218 La·

64 1240 166 1302 scivus
181 1239 298 1319 quidem
314 1238 344 1299 in
360 1239 460 1300 herois
472 1257 592 1318 quoque
607 1239 761 1301 Ovidius
776 1247 805 1300 et
820 1239 943 1301 nimium
963 1250 1076 1302 amator
1089 1243 1136 1304 in·

65 1325 148 1405 genii
163 1325 218 1396 sui,
234 1323 397 1386 laudandus
411 1332 509 1384 tamen
525 1323 555 1385 in
572 1323 714 1405 partibus.
743 1323 947 1386 Cornelius
962 1333 1060 1386 autern
1076 1327 1137 1388 So·
1159 1336 1188 1387 aa

67 1427 193 1483 verus,
216 1407 328 1470 etianni
344 1407 381 1469 sit
395 1408 573 1475 versificator
588 1427 676 1490 quam
691 1417 779 1490 poeta
793 1410 913 1483 melior,
934 1411 959 1471 si
974 1418 1088 1484 tamen,
1104 1421 1137 1474 ut

102 1545 143 1594 87.
162 1541 259 1604 Macer,
272 1541 396 1593 Aemilius
409 1556 454 1593 aus
466 1539 576 1604 Verona,

67 1610 205 1678 gestorben
223 1611 238 1662 3
257 1625 281 1662 u.
300 1609 370 1674 (ihu,
387 1607 487 1661 sahrieb
506 1607 577 1660 Orni-

67 1677 190 1744 thogonia
207 1676 260 1729 und
276 1677 407 1730 Theriaca.

101 1747 256 1809 Lucretius,
279 1744 306 1796 L.
325 1745 415 1810 Carus,
439 1744 578 1798 rdnrischer

67 1813 160 1876 Ritter,
182 1812 253 1865 lebte
276 1829 327 1864 von
344 1815 444 1866 99-55
468 1829 492 1866 v.
511 1813 576 1876 (ihr,

67 1880 167 1934 schrieb
190 1881 236 1932 das
258 1881 324 1933 noch
349 1881 478 1933 erhsltene
502 1881 577 1934 Lehr-

66 1948 171 2016 gedicht
189 1949 221 2000 de
237 1963 328 2000 reram
345 1954 453 2000 παίωνα.

101 2018 232 2069 Atacinus
259 2019 359 2082 Varro,
386 2015 414 2068 P.
440 2014 576 2069 Terentius

66 2087 168 2139 att-36
180 2100 204 2136 r.
217 2085 282 2148 Chr,
300 2099 346 2136 aus
359 2085 425 2138 Atax
442 2083 505 2137 oder
515 2099 576 2137 rom

65 2153 136 2206 Flufs
153 2152 220 2205 Atax
241 2153 267 2204 in
291 2153 373 2206 Gallia
395 2151 576 2218 Narbonensis,

65 2221 211 2274 ubersetzte
240 2220 285 2272 des
311 2219 464 2286 Apollonius
490 2221 577 2288 Arga-

65 2291 177 2341 nnatica
200 2288 250 2341 und
273 2288 322 2340 den
345 2287 450 2352 Aratus,
476 2287 576 2342 schrieb

67 2358 109 2410 ein
135 2357 249 2426 episches
273 2355 380 2408 Gedicht
401 2357 504 2410 Battum
531 2357 576 2410 Sc-

84 2425 222 2490 nonianus,
240 2424 376 2478 versuchte
393 2423 447 2476 sich
466 2425 575 2477 anchin

68 2442 113 2544 der
130 2491 218 2558 Satire,
235 2491 287 2558 rgi
306 2491 364 2543 Hor.
383 2490 437 2544 Sat.
449 2491 467 2557 1,
482 2495 521 2558 10,
534 2495 575 2546 46.

67 2560 575 2694 a,natantianatantia

64 2695 244 2762 Bereiahnung
261 2695 305 2747 des
323 2693 429 2761 MitteIs,
447 2693 574 2762 soV,10‚

65 2767 110 2817 32:
130 2765 162 2815 In
175 2766 302 2828 omnibns,
321 2779 389 2830 quaa
400 2763 477 2829 flunt,
496 2779 575 2836 quaa

63 2835 137 2884 nitar
158 2835 208 2884 aut
231 2848 314 2900 quare
337 2837 386 2882 aut
405 2834 454 2884 nbi
477 2836 525 2883 aut
541 2861 574 2870 -

63 2917 121 2968 per
139 2915 222 2966 quas
239 2900 314 2961 facta
331 2901 413 2951 sunt?

99 2967 166 3019 atter
183 2969 299 3032 inmitis,
318 2967 429 3020 nimlioh
447 2966 539 3020 Macer.

98 3049 200 3100 nornen,
209 3037 256 3087 mit
265 3036 346 3088 einem
357 3036 484 3104 gewissen
491 3033 574 3088 Nach-

64 3103 154 3166 druck‚
178 3103 227 3155 uie
246 3103 262 3170 5
281 3107 323 3158 12.
342 3105 398 3158 120.
418 3109 442 3169 d,
462 3107 501 3159 ta.
537 3104 574 3156 Zu

63 3187 158 3223 noman
176 3171 286 3237 adsequi
309 3172 360 3238 vgl.
379 3174 469 3225 nasein
486 3168 574 3238 ὄνομα

64 3239 115 3292 und
133 3241 204 3304 ἔχειν
221 3237 314 3307 ὄνομα.

97 3309 335 3436 {ananau
344 3307 573 3442 1111111ἑὲ·

64 3442 105 3494 dii
126 3441 153 3494 iu
171 3443 306 3495 Kalabrien
329 3445 380 3495 239
402 3459 426 3494 v.
445 3441 510 3506 Chr,
531 3441 576 3496 be·

64 3511 148 3564 rdhmt
161 3510 241 3564 durch
253 3510 294 3563 die
306 3525 354 3562 uns
367 3510 433 3564 noch
445 3511 471 3561 in
480 3507 576 3562 Bruch-

65 3577 172 3631 stncken
190 3577 337 3632 erhaltenen
355 3577 487 3641 Annalen,
505 3577 576 3630 dich-

66 3651 117 3700 tete
140 3646 201 3698 aber
222 3647 287 3700 anch
304 3645 378 3700 Last·
398 3645 451 3699 und
469 3644 576 3698 Treuer-

66 3711 202 3782 spieleund
210 3715 310 3767 schrietr
317 3718 426 3777 saturae,
437 3714 574 3782 gestorben

97 3851 251 3933 propiores,
275 3850 386 3902 naulich
404 3849 461 3902 dem
479 3848 574 3916 Vergil.

100 3920 221 3983 larciana,
251 3915 393 3983 tindelud',
411 3933 432 3970 s.
450 3916 509 3970 Hor.
527 3919 575 3970 Ars

66 3991 133 4056 poet.
152 3989 199 4039 tat
220 3988 300 4037 verda
322 3985 466 4038 decent-
484 3986 575 4037 luden-

628 1547 679 1593 tem
697 1543 797 1594 naara
818 1541 870 1594 und
887 1541 972 1603 Quint.
989 1541 1032 1609 iV,
1051 1547 1070 1606 1,
1090 1545 1136 1595 tr:

630 1609 679 1660 Illa
701 1626 765 1660 vara
786 1610 891 1676 fragida
915 1616 941 1662 et
956 1611 1071 1677 poteritis
1099 1617 1138 1662 est

626 1681 656 1728 in
668 1677 766 1729 scholis
778 1677 930 1744 adfectatio,
942 1683 975 1729 ut
984 1681 1039 1745 ipss
1052 1683 1139 1731 trans-

626 1747 682 1796 itus
702 1745 806 1807 efficiat
828 1747 948 1812 aliquant
969 1750 1062 1814 ntique
1081 1763 1139 1798 sen·

629 1815 740 1866 tonnam
757 1819 784 1864 et
800 1815 880 1866 huius
891 1815 964 1866 velut
973 1820 1137 1882 praestigiae

627 1883 751 1948 plausum
767 1886 857 1948 ρειαί,
879 1889 910 1934 at
929 1881 1039 1933 Ouidius
1063 1885 1138 1934 tasci-

627 1953 684 2001 vc're
698 1953 702 1959 '
717 1953 747 2000 in
779 1948 1031 2015 Metamorphosesin
1063 1951 1137 2015 solet,

627 2033 704 2086 quern
729 2023 815 2070 tamen
842 2034 972 2070 unornane
996 2021 1137 2068 necessitas

625 2090 721 2154 potest,
732 2101 776 2136 res
784 2085 975 2138 diversissimas
986 2089 1016 2136 tn
1024 2088 1137 2154 speciem

627 2167 848 2283 unidungdig'iri
864 2155 1136 2275 diffibifltrrrltli'e'ioisaheu

627 2287 1137 2356 VersrnatseabgetaisteuGedichte,den

626 2357 858 2423 Metamorphosen.

663 2426 780 2490 Ouidius,
799 2425 826 2478 P.
845 2425 914 2478 Naso
932 2429 964 2479 43
983 2441 1006 2479 v.
1022 2427 1078 2478 Chr.
1097 2426 1137 2477 bis

629 2495 658 2546 17
677 2509 702 2543 n.
720 2492 777 2543 cnr.

660 2565 767 2610 amator
783 2563 889 2624 ingenia·
905 2563 956 2622 sut,
973 2561 1025 2626 rgl.
1046 2563 1119 2625 598.

658 2629 830 2694 inpartibus
849 2627 899 2678 und
919 2630 949 2678 in
963 2634 1055 2694 parts,
1080 2622 1137 2680 ‘nur

626 2689 768 2760 teilweise',
790 2695 824 2748 im
843 2693 985 2761 Gegensatz
1002 2709 1033 2750 nu
1053 2701 1136 2747 nean

625 2763 677 2816 und
702 2761 859 2829 iirnlichern,
885 2763 945 2814 sehr
966 2761 1137 2830 gewdhntiah.

625 2831 678 2898 rgl.
703 2835 727 2894 2,
751 2834 791 2885 26.
815 2833 901 2894 ’1,15.
926 2829 976 2895 vu,
999 2834 1023 2897 2,
1042 2834 1087 2884 22:
1114 2836 1138 2882 si

626 2900 733 2966 qnando
761 2901 797 2950 in
820 2901 979 2966 partibas
1006 2901 1138 2952 taborati-

625 2983 691 3032 mas,
708 2969 883 3020 universitate
918 2967 1076 3032 agnandam
1091 2972 1136 3020 cst.

658 3039 700 3089 89.
729 3035 866 3088 Cornelius
909 3051 1015 3100 avenn,
1037 3035 1136 3088 Freund

625 3103 671 3156 des
689 3102 762 3169 Ovid,
781 3103 826 3155 der
844 3104 886 3156 ihn
904 3103 984 3172 Epist.
1004 3119 1035 3155 ex
1053 3103 1135 3156 Ponto

624 3171 708 3236 1V‚t‚
729 3175 740 3223 1
761 3171 876 3254 anredet:
900 3171 920 3222 0
937 3175 1010 3252 vates
1026 3185 1137 3238 magno-

624 3253 822 3386 {diffidi
840 3253 944 3358 'sm
963 3237 1137 3359 siffridi

625 3375 715 3442 stitigt
733 3373 840 3435 Quant’s
858 3373 946 3427 Urteil.

661 3443 835 3506 versificator,
846 3439 916 3494 kann
926 3454 1017 3510 wegen
1030 3442 1077 3494 des
1088 3442 1136 3494 iol·

626 3510 726 3578 geoden
755 3510 838 3564 Lobes
873 3495 944 3564 uicit
972 3511 1007 3562 iru
1037 3510 1137 3577 garing-

620 3579 773 3645 ·schitzigen
793 3577 871 3630 Sinue
895 3578 1048 3632 sentruden
1072 3591 1137 3629 wer-

626 3647 684 3709 den,
696 3645 777 3698 findet
788 3646 843 3698 sich
855 3647 968 3699 uberhau
988 3650 999 3697 t
1010 3659 1058 3696 nur
1069 3645 1135 3697 noch

627 3714 720 3766 einmal
736 3713 824 3769 lustin.
842 3713 883 3778 Vi,
895 3717 920 3780 9,
938 3663 990 3780 ref.
1008 3711 1066 3764 lior.
1081 3709 1134 3766 Sat.

625 3781 643 3846 ι’
659 3786 686 3902 sii
697 3781 794 3914 effla,
813 3849 908 3902 ebenso
921 3848 972 3911 wie
983 3851 1039 3899 nisi
1050 3851 1138 3900 tannen

627 3913 669 3970 bei
679 3913 764 3979 Quint.
775 3917 834 3970 sehr
845 3914 933 3982 harag
945 3931 990 3968 zur
999 3914 1139 3970 Bescirrin-

626 3983 705 4053 kung,
718 3985 771 4038 und
783 3999 851 4036 zuar
864 3999 901 4047 so,
916 3983 971 4036 asts
984 3983 1029 4037 das
1041 3983 1139 4051 cigent-
