2796 4608
246 257 286 317 74
620 257 726 311 carun
744 256 776 312 v.
795 259 810 324 s
831 259 938 312 ιι-ιι,

247 453 429 508 communes,
446 453 521 513 quos
536 434 623 495 etiam
645 434 772 514 scriptos
791 432 828 493 ab
851 432 1016 494 oratoribus
1031 431 1149 494 scimus.
1178 431 1252 494 Nam
1268 434 1322 513 qui

247 523 320 583 baec
335 529 414 582 recta
429 528 543 580 tantum
567 528 597 579 et
615 519 646 579 in
669 519 767 580 nullos
786 517 879 579 herus
894 517 1061 579 recedentia
1076 517 1196 598 copiose
1211 525 1322 580 tracta-

246 606 330 680 verit,
346 606 449 686 utique
464 605 495 665 in
511 604 567 666 illis
581 605 683 683 plures
698 621 840 665 excursus
855 602 1067 684 recipientibus
1078 603 1171 682 magis
1186 602 1321 666 abunda-

198 701 226 752 tt
247 691 291 754 bit
309 691 425 770 eritque
446 691 478 752 in
501 690 596 752 omnis
619 707 720 752 cauam
742 697 869 768 paratus.
901 687 1012 750 Omnes
1034 688 1113 750 enim
1129 689 1320 767 generalibus

247 775 474 858 quaestionibus
489 784 637 836 constant.
666 775 740 836 Nam
755 773 825 852 quid
844 773 977 846 interest,
991 765 1159 835 ‘Cornelius
1180 772 1320 836 tribunus

244 862 358 968 plebis,
380 862 457 941 quod
475 860 605 922 codicem
620 859 739 938 legerit,
761 871 871 922 manae
891 875 960 920 reus
982 847 1044 932 sit',
1064 855 1257 936 ‘quaeramus
1280 879 1320 922 aa

258 947 423 1008 violeturne
438 945 581 1019 maiestas,
597 945 621 1006 si
632 945 819 1022 magistratus
831 943 1014 1022 rogationem
1029 961 1112 1004 suam
1127 944 1240 1024 populo
1256 945 1319 1024 ipse

247 1023 415 1094 recitaritl'
432 1024 513 1092 ‘Milo
530 1030 661 1092 Clodium
678 1038 800 1090 rectene
815 1019 982 1101 occiderit'‚
1005 1027 1102 1089 veniat
1117 1028 1147 1090 in
1164 1029 1316 1105 indicium,

248 1136 285 1179 an
306 1109 493 1196 ‘oporteatne
514 1115 714 1177 insidiatorem
737 1113 864 1174 interfici
886 1113 932 1173 vel
947 1113 1147 1192 perniciosum
1162 1115 1205 1175 rei
1220 1114 1319 1194 pobli-

247 1221 299 1264 cac
323 1203 424 1276 civem,
447 1201 642 1262 etiamsinon
665 1190 856 1262 insidietor‘l'
887 1191 971 1260 ‘Cato
994 1198 1131 1260 Marciam
1154 1199 1318 1262 honestene

247 1287 399 1349 tradiderit
414 1275 603 1359 llortensio',
626 1303 664 1346 an
678 1277 887 1346 ‘conveniatne
902 1301 950 1344 res
971 1283 1036 1345 talis
1058 1283 1138 1345 bono
1154 1274 1242 1346 viro.’
1276 1286 1319 1346 De

196 1377 225 1432 14
245 1373 382 1454 personis
393 1372 549 1444 iudicatur,
560 1371 610 1432 sed
623 1371 659 1430 dc
670 1368 760 1430 rebus
771 1368 970 1430 contenditur.
994 1369 1318 1445 Declamationesvcro,

247 1458 349 1538 quales
363 1457 394 1518 in
410 1457 519 1518 scholis
534 1456 687 1516 rhetorum
702 1455 852 1527 dicuntur,
874 1454 899 1516 si
920 1454 1009 1514 modo
1029 1463 1102 1515 sunt
1114 1456 1150 1516 ad
1166 1455 1319 1516 veritatem

245 1543 482 1604 accommodatae
498 1549 528 1601 et
546 1539 728 1602 orationibus
743 1539 863 1612 similes,
885 1558 946 1600 non
963 1547 1076 1600 tantum
1092 1539 1164 1602 dum
1178 1540 1320 1602 adolescit

246 1629 398 1708 proiectus
418 1636 489 1687 sunt
512 1625 690 1698 utilissimae,
718 1625 786 1704 quia
808 1624 1010 1686 inventionem
1038 1635 1067 1685 et
1092 1626 1319 1704 dispositionem

245 1713 358 1792 pariter
373 1719 521 1784 exercent,
537 1711 587 1772 sed
604 1711 688 1772 etiam
705 1729 773 1772 cum
789 1719 833 1772 est
845 1719 1066 1772 consummatus
1080 1728 1114 1770 ao
1130 1711 1187 1771 iam
1204 1711 1235 1772 in
1251 1713 1318 1772 loro

245 1844 295 1878 aaa
316 1829 345 1878 ta
363 1829 422 1893 ipsa
441 1829 506 1878 uitia
525 1829 609 1877 mar-ta
626 1831 664 1878 est
676 1843 756 1893 pero·
808 1825 932 1892 gescbah,
957 1839 988 1877 zu
1007 1825 1182 1878 widersetzen.
1218 1825 1255 1878 lla
1279 1827 1319 1880 las
1389 1835 1390 1880 ἶ

245 1911 316 1962 aare,
333 1900 365 1947 at
381 1897 411 1946 ia
425 1895 585 1960 adulteram,
605 1896 756 1959 aleatorem,
809 1893 942 1946 Cornelios
959 1893 1000 1946 die
1018 1893 1145 1960 Rogation
1164 1893 1246 1947 selbst
1262 1909 1318 1962 ver,

239 1966 414 2031 petulantem.
808 1961 897 2014 warde
919 1961 1026 2014 deshalb
1047 1962 1081 2014 im
1098 1962 1123 2016 J.
1141 1964 1174 2016 65
1193 1963 1238 2014 dev
1256 1963 1320 2016 Ver·

279 2035 311 2084 ab
330 2033 493 2094 oratoribus,
510 2047 532 2082 a.
550 2029 579 2082 B.
599 2031 686 2082 Cicero
704 2029 755 2082 und
806 2030 911 2096 letzuug
928 2029 972 2082 der
985 2031 1103 2084 maiestas
1115 2046 1175 2098 pop.
1189 2029 1261 2084 Rom.
1274 2047 1320 2085 an·

244 2099 394 2153 Hortensius
402 2099 430 2164 ΙΙ,
443 2101 520 2162 l‚ll:
534 2114 685 2149 communes
695 2098 755 2161 loci,
807 2097 925 2164 gellagt,
944 2097 1040 2163 jedocb
1064 2114 1114 2150 von
1134 2099 1221 2151 Cicero
1246 2099 1319 2165 glin-

244 2171 300 2219 sa'oe
313 2171 360 2234 qut
371 2168 553 2218 cantianilla
564 2166 673 2230 dorecil,
691 2181 755 2232 qaa-
807 2166 870 2218 aend
888 2165 1033 2232 verteidigt,
1051 2166 1102 2233 vgl.
1120 2166 1170 2218 Cic.
1190 2168 1216 2218 in
1232 2167 1318 2220 Vatin.

246 2237 283 2287 les
301 2236 414 2301 legimus
425 2252 442 2286 a
454 2234 579 2287 Cimone
591 2238 756 2301 compositos,
807 2239 831 2300 2,
850 2237 874 2288 d.

244 2319 291 2354 eeu
307 2305 403 2369 quibua
415 2303 582 2369 quaestiones
592 2303 756 2369 generaliter
840 2301 914 2353 Milo.
943 2300 993 2354 Das
1006 2300 1113 2368 Geiolge
1131 2301 1177 2354 des
1189 2301 1252 2356 Milo
1264 2303 1319 2356 und

245 2376 407 2437 tractantur,
426 2369 518 2437 quales
534 2375 598 2421 arent
614 2372 681 2422 editi
697 2371 754 2435 ao.
806 2369 851 2422 des
879 2369 982 2422 Clodius
1013 2371 1126 2436 gerieten
1153 2371 1319 2438 aneinander,

245 2455 349 2506 quoque
360 2440 516 2491 Hortensio:
532 2443 563 2489 ut
573 2433 652 2490 ‘ettae
660 2441 772 2506 parois'
806 2437 847 2490 ain
865 2437 961 2490 Slvlave
977 2437 1053 2490 Milos
1071 2438 1239 2492 verwuodete
1258 2440 1320 2492 Glo-

244 2510 412 2574 argamenta'a
438 2502 626 2558 eradendam?
655 2513 682 2558 et
701 2524 754 2574 pro
806 2505 878 2571 dius,
900 2504 962 2557 lllilo
981 2506 1041 2558 eilte
1059 2506 1146 2560 berbei
1163 2507 1216 2558 und
1235 2511 1319 2561 tdtete

244 2579 354 2628 aeaeae
371 2580 397 2626 et
413 2579 443 2628 in
460 2580 545 2627 testea
805 2573 857 2626 ibn.
886 2573 921 2625 lia
935 2589 962 2626 er
973 2574 1162 2640 inlolgedessen
1176 2575 1319 2642 angeklagt

277 2647 306 2695 ta
324 2643 616 2708 aulica-recedentia,
634 2643 676 2696 die
693 2643 753 2696 hein
806 2641 907 2707 vvurde,
930 2657 960 2693 so
983 2643 1134 2710 verteidigte
1156 2644 1200 2694 ihu
1226 2643 1318 2697 dicero

242 2712 377 2764 Ableulren
395 2713 520 2765 zulassen.
804 2711 830 2762 in
849 2709 895 2762 der
911 2726 959 2762 uns
977 2710 1124 2764 erhaltenen
1143 2710 1219 2764 liede.

276 2783 306 2831 in
316 2784 557 2847 amaia-paratae,
565 2779 754 2832 dieselbellon-

243 2848 371 2900 strubtion
389 2847 450 2900 Tac.
468 2847 531 2900 bial.
550 2851 590 2901 41.

280 2919 319 2970 13.
337 2933 425 2968 omnes
435 2943 466 2954 -
477 2920 608 2968 constant,
644 2914 701 2980 Vgl.
714 2915 752 2981 ΙΙΙ,

244 2987 268 3050 5,
287 2987 315 3036 9:
339 2985 395 3035 Hae
415 2989 514 3048 aalma,
539 3000 607 3050 qaas
629 2984 752 3046 infinitas

242 3067 322 3117 coeo,
352 3056 379 3102 et
403 3053 542 3117 generales
569 3052 755 3118 appellantur.-

244 3120 317 3186 qucd
331 3122 356 3170 ai
374 3125 413 3171 eet
428 3135 528 3186 cerum,
545 3120 639 3183 finitae
651 3122 753 3186 specta·

242 3187 279 3239 lea
297 3193 383 3240 erant.
401 3189 433 3239 In
451 3193 525 3241 omni
541 3192 631 3240 autem
643 3187 754 3253 speciali

240 3259 334 3323 utique
350 3260 419 3308 inest
433 3258 578 3323 generalis,
595 3260 626 3307 ut
638 3271 707 3322 quae
717 3257 754 3307 ait

260 3329 326 3378 rior.

240 3341 423 3445 ρθοιιιιὶιίιι.
462 3392 489 3446 G.
514 3391 646 3443 Cornelios
667 3390 753 3442 stellte

242 3461 276 3513 im
294 3459 317 3513 J.
336 3464 366 3514 67
386 3476 409 3513 v.
429 3460 487 3513 Chr.
506 3459 555 3511 den
573 3458 679 3524 Antrag,
697 3458 752 3510 dass

241 3543 299 3582 man
324 3545 371 3582 nor
392 3527 471 3582 durch
490 3527 535 3578 das
554 3525 621 3578 Vollr
638 3541 690 3577 von
708 3525 753 3578 der

242 3596 426 3663 Beobachtung
452 3595 523 3647 eines
550 3593 670 3646 desetaes
697 3599 752 3646 ent·

242 3665 345 3718 bnnden
363 3664 466 3717 werden
481 3661 562 3714 ddrie.
589 3661 635 3714 iiie
648 3661 751 3715 Servate·

275 3734 323 3786 rtei
341 3746 451 3799 gewenn
469 3730 531 3782 aber
548 3729 597 3782 den
612 3729 709 3783 Tribun
722 3729 750 3782 P.

262 3801 368 3854 ervilius
391 3798 530 3862 Globulus,
554 3798 609 3850 sich
626 3798 671 3851 der
690 3798 752 3851 Vor-

241 3869 333 3935 lesung
357 3867 402 3920 der
424 3865 565 3932 Rogatioo,
589 3866 631 3918 die
651 3867 678 3918 in
696 3867 753 3919 her-

241 3935 409 3989 lra’ammlicher
415 3933 500 3988 Weiss
510 3934 589 3988 durch
598 3933 646 3987 den
657 3934 751 3987 llerold

840 2778 1100 2832 Cato-Hortensio.
1124 2779 1318 2832 lierberdbmte

804 2845 904 2898 lledner
915 2845 945 2906 0.
958 2845 1107 2900 Hortensius
1126 2848 1197 2900 batte
1215 2848 1273 2900 eine
1285 2863 1318 2901 sc

804 2913 1029 2966 sebwivmerische
1041 2915 1191 2982 Zoneigung
1207 2931 1239 2967 au
1253 2916 1319 2970 Cato

805 2979 947 3045 Uticensis,
966 2981 1022 3034 dats
1038 2998 1066 3034 er
1084 2981 1172 3036 diesen
1190 2984 1243 3050 bat,
1261 2985 1318 3037 ihm

804 3049 875 3101 aeine
893 3049 1026 3102 Gemahlin
1043 3050 1136 3104 Marcia
1156 3052 1318 3117 abrutreteu,

805 3118 887 3169 wovin
900 3117 963 3170 Cato
981 3119 1046 3170 auch
1058 3120 1122 3172 raab
1133 3119 1318 3186 iidchspraehe
1388 3161 1389 3182 ,

805 3186 852 3237 mit
861 3186 957 3238 seinem
967 3185 1187 3254 Schwiegervater
1198 3189 1318 3255 willigte.

804 3252 897 3307 Marcia
913 3254 983 3308 lebte
996 3270 1047 3306 von
1060 3259 1160 3310 aa-to
1170 3272 1195 3308 v.
1206 3256 1262 3309 Chr.
1276 3258 1319 3310 bei

804 3320 952 3375 llortensius
970 3323 1022 3376 ond
1040 3322 1131 3376 kebrte
1143 3325 1209 3376 nach
1222 3324 1318 3377 descen

804 3388 876 3442 Tode
893 3391 919 3442 in
938 3390 983 3443 das
996 3390 1063 3443 llaus
1076 3391 1122 3443 des
1134 3393 1196 3444 (lato
1209 3392 1318 3447 aurdek.

841 3461 880 3511 tl.
902 3459 1115 3524 declamationes,
1127 3459 1179 3525 vgl.
1192 3458 1220 3524 ll,
1230 3464 1255 3526 4,
1269 3464 1318 3514 ll:

803 3526 881 3589 fictas
905 3527 942 3578 ad
957 3529 1135 3578 imitationem
1152 3526 1211 3588 sora·
1228 3533 1319 3580 eomi-

802 3595 952 3659 la'orumpue
967 3597 1096 3646 mounes
1113 3595 1188 3660 apud
1199 3595 1320 3648 Graecos

803 3662 890 3713 diem
910 3665 985 3713 cirea
1003 3663 1167 3714 Danista-iam
1184 3665 1320 3716 Phalerea

801 3733 955 3782 institutam
971 3729 1029 3792 sm
1047 3735 1158 3782 coastat.

833 3797 984 3864 profectos,
1011 3799 1057 3851 das
1082 3799 1245 3852 Abstractom
1275 3798 1320 3852 ihr

803 3865 848 3918 das
866 3865 1025 3919 concretum.

837 3939 1035 3986 connumeratus
1046 3951 1079 3986 ac
1087 3963 1116 3974 -
1124 3935 1221 4000 chron,
1235 3935 1321 3988 leioht
