<?xml version="1.0" encoding="UTF-8"?>
<!DOCTYPE html PUBLIC "-//W3C//DTD XHTML 1.0 Transitional//EN"
    "http://www.w3.org/TR/xhtml1/DTD/xhtml1-transitional.dtd">
<html xmlns="http://www.w3.org/1999/xhtml" xml:lang="en" lang="en">
 <head>
  <title>
</title>
<meta http-equiv="Content-Type" content="text/html;charset=utf-8" />
  <meta name='ocr-system' content='tesseract 3.04.00' />
  <meta name='ocr-capabilities' content='ocr_page ocr_carea ocr_par ocr_line ocrx_word'/>
</head>
<body>
  <div class='ocr_page' id='page_1' title='image "./mfabiiquintilia14quingoog_0089.png"; bbox 0 0 2796 4608; ppageno 0'>
   <div class='ocr_carea' id='block_1_1' title="bbox 279 284 969 354">
    <p class='ocr_par' dir='ltr' id='par_1_1' title="bbox 279 284 969 354">
     <span class='ocr_line' id='line_1_1' title="bbox 279 284 969 354; baseline -0.006 -7"><span class='ocrx_word' id='word_1_1' title='bbox 279 284 320 348; x_wconf 82' lang='lat'><strong>82</strong></span> <span class='ocrx_word' id='word_1_2' title='bbox 649 287 755 342; x_wconf 78' lang='lat' dir='ltr'><strong>curor</strong></span> <span class='ocrx_word' id='word_1_3' title='bbox 774 287 823 340; x_wconf 85' lang='lat' dir='ltr'><strong>vn.</strong></span> <span class='ocrx_word' id='word_1_4' title='bbox 842 288 859 354; x_wconf 70' lang='lat' dir='ltr'><strong>a</strong></span> <span class='ocrx_word' id='word_1_5' title='bbox 877 290 969 343; x_wconf 80' lang='lat' dir='ltr'><strong>e-ra</strong></span> 
     </span>
    </p>
   </div>
   <div class='ocr_carea' id='block_1_2' title="bbox 266 460 1345 541">
    <p class='ocr_par' dir='ltr' id='par_1_2' title="bbox 266 460 1390 582">
     <span class='ocr_line' id='line_1_2' title="bbox 266 460 1345 541; baseline -0.008 -11"><span class='ocrx_word' id='word_1_6' title='bbox 266 481 355 541; x_wconf 76' lang='lat' dir='ltr'><strong>opus</strong></span> <span class='ocrx_word' id='word_1_7' title='bbox 370 471 414 524; x_wconf 89' lang='lat' dir='ltr'><strong>est</strong></span> <span class='ocrx_word' id='word_1_8' title='bbox 429 461 554 524; x_wconf 87' lang='lat' dir='ltr'><strong>naturali</strong></span> <span class='ocrx_word' id='word_1_9' title='bbox 575 461 700 540; x_wconf 91' lang='lat' dir='ltr'><strong>quadarn</strong></span> <span class='ocrx_word' id='word_1_10' title='bbox 714 461 874 524; x_wconf 73' lang='lat' dir='ltr'>mobilitate</span> <span class='ocrx_word' id='word_1_11' title='bbox 896 460 995 536; x_wconf 89' lang='lat' dir='ltr'><strong>animi,</strong></span> <span class='ocrx_word' id='word_1_12' title='bbox 1010 471 1052 535; x_wconf 82' lang='lat' dir='ltr'><strong>ut,</strong></span> <span class='ocrx_word' id='word_1_13' title='bbox 1068 461 1137 522; x_wconf 90' lang='lat' dir='ltr'><strong>dum</strong></span> <span class='ocrx_word' id='word_1_14' title='bbox 1152 461 1284 540; x_wconf 81' lang='lat' dir='ltr'><strong>proxima</strong></span> <span class='ocrx_word' id='word_1_15' title='bbox 1298 461 1345 522; x_wconf 86' lang='lat' dir='ltr'><strong>di·</strong></span> 
     </span>
    </p>
   </div>
   <div class='ocr_carea' id='block_1_3' title="bbox 223 546 1390 2321">
    <p class='ocr_par' dir='ltr' id='par_1_3' title="bbox 240 546 1390 1051">
     <span class='ocr_line' id='line_1_3' title="bbox 280 546 1390 626; baseline -0.002 -18"><span class='ocrx_word' id='word_1_16' title='bbox 280 547 382 621; x_wconf 89' lang='lat' dir='ltr'><strong>cimus,</strong></span> <span class='ocrx_word' id='word_1_17' title='bbox 404 555 518 608; x_wconf 87' lang='lat' dir='ltr'><strong>struere</strong></span> <span class='ocrx_word' id='word_1_18' title='bbox 538 546 679 608; x_wconf 78' lang='lat' dir='ltr'>ulteriora</span> <span class='ocrx_word' id='word_1_19' title='bbox 699 546 862 626; x_wconf 88' lang='lat' dir='ltr'><strong>possimus,</strong></span> <span class='ocrx_word' id='word_1_20' title='bbox 883 564 1059 626; x_wconf 84' lang='lat' dir='ltr'>semperque</span> <span class='ocrx_word' id='word_1_21' title='bbox 1085 554 1217 608; x_wconf 87' lang='lat' dir='ltr'><strong>nostram</strong></span> <span class='ocrx_word' id='word_1_22' title='bbox 1239 563 1339 606; x_wconf 87' lang='lat' dir='ltr'><strong>vocem</strong></span> <span class='ocrx_word' id='word_1_23' title='bbox 1389 587 1390 598; x_wconf 58' lang='lat'><strong>,</strong></span> 
     </span>
     <span class='ocr_line' id='line_1_4' title="bbox 240 631 1342 712; baseline -0.001 -20"><span class='ocrx_word' id='word_1_24' title='bbox 240 643 257 692; x_wconf 82' lang='grc'>9</span> <span class='ocrx_word' id='word_1_25' title='bbox 278 631 394 711; x_wconf 85' lang='lat' dir='ltr'><strong>provisa</strong></span> <span class='ocrx_word' id='word_1_26' title='bbox 416 641 446 692; x_wconf 91' lang='lat' dir='ltr'><strong>et</strong></span> <span class='ocrx_word' id='word_1_27' title='bbox 466 633 589 692; x_wconf 83' lang='lat' dir='ltr'><strong>formata</strong></span> <span class='ocrx_word' id='word_1_28' title='bbox 612 631 748 711; x_wconf 77' lang='lat' dir='ltr'><strong>cogitatio</strong></span> <span class='ocrx_word' id='word_1_29' title='bbox 770 632 907 712; x_wconf 85' lang='lat' dir='ltr'><strong>excipiat:</strong></span> <span class='ocrx_word' id='word_1_30' title='bbox 933 631 980 692; x_wconf 83' lang='lat' dir='ltr'><strong>vix</strong></span> <span class='ocrx_word' id='word_1_31' title='bbox 994 641 1092 692; x_wconf 89' lang='lat' dir='ltr'><strong>tamen</strong></span> <span class='ocrx_word' id='word_1_32' title='bbox 1108 640 1159 692; x_wconf 91' lang='lat' dir='ltr'><strong>aut</strong></span> <span class='ocrx_word' id='word_1_33' title='bbox 1173 639 1277 692; x_wconf 89' lang='lat' dir='ltr'><strong>natura</strong></span> <span class='ocrx_word' id='word_1_34' title='bbox 1292 640 1342 691; x_wconf 88' lang='lat' dir='ltr'><strong>aut</strong></span> 
     </span>
     <span class='ocr_line' id='line_1_5' title="bbox 279 715 1343 795; baseline -0.001 -19"><span class='ocrx_word' id='word_1_35' title='bbox 279 717 354 777; x_wconf 88' lang='lat' dir='ltr'><strong>ratio</strong></span> <span class='ocrx_word' id='word_1_36' title='bbox 374 716 404 778; x_wconf 92' lang='lat' dir='ltr'><strong>in</strong></span> <span class='ocrx_word' id='word_1_37' title='bbox 427 725 487 776; x_wconf 84' lang='lat' dir='ltr'><strong>tarn</strong></span> <span class='ocrx_word' id='word_1_38' title='bbox 507 715 660 795; x_wconf 78' lang='lat' dir='ltr'>multiplex</span> <span class='ocrx_word' id='word_1_39' title='bbox 680 716 810 778; x_wconf 82' lang='lat' dir='ltr'><strong>officium</strong></span> <span class='ocrx_word' id='word_1_40' title='bbox 830 715 968 777; x_wconf 78' lang='lat' dir='ltr'>diducere</span> <span class='ocrx_word' id='word_1_41' title='bbox 990 715 1121 777; x_wconf 87' lang='lat' dir='ltr'><strong>animum</strong></span> <span class='ocrx_word' id='word_1_42' title='bbox 1136 725 1233 794; x_wconf 88' lang='lat' dir='ltr'><strong>queat,</strong></span> <span class='ocrx_word' id='word_1_43' title='bbox 1248 725 1280 776; x_wconf 93' lang='lat' dir='ltr'><strong>ut</strong></span> <span class='ocrx_word' id='word_1_44' title='bbox 1294 715 1343 776; x_wconf 87' lang='lat' dir='ltr'><strong>in·</strong></span> 
     </span>
     <span class='ocr_line' id='line_1_6' title="bbox 278 800 1341 880; baseline 0 -20"><span class='ocrx_word' id='word_1_45' title='bbox 278 801 425 874; x_wconf 80' lang='lat' dir='ltr'><strong>ventioni,</strong></span> <span class='ocrx_word' id='word_1_46' title='bbox 451 800 648 880; x_wconf 78' lang='lat' dir='ltr'><strong>dispositioni,</strong></span> <span class='ocrx_word' id='word_1_47' title='bbox 674 801 847 876; x_wconf 78' lang='lat' dir='ltr'><strong>elocutioni,</strong></span> <span class='ocrx_word' id='word_1_48' title='bbox 874 801 971 862; x_wconf 89' lang='lat' dir='ltr'><strong>ordini</strong></span> <span class='ocrx_word' id='word_1_49' title='bbox 996 819 1097 862; x_wconf 89' lang='lat' dir='ltr'><strong>rerum</strong></span> <span class='ocrx_word' id='word_1_50' title='bbox 1116 800 1341 878; x_wconf 83' lang='lat' dir='ltr'><strong>verborumque,</strong></span> 
     </span>
     <span class='ocr_line' id='line_1_7' title="bbox 265 885 1339 964; baseline -0.001 -18"><span class='ocrx_word' id='word_1_51' title='bbox 265 896 343 946; x_wconf 88' lang='lat' dir='ltr'><strong>turn</strong></span> <span class='ocrx_word' id='word_1_52' title='bbox 357 885 393 946; x_wconf 89' lang='lat' dir='ltr'><strong>iis</strong></span> <span class='ocrx_word' id='word_1_53' title='bbox 408 903 482 963; x_wconf 90' lang='lat' dir='ltr'><strong>quae</strong></span> <span class='ocrx_word' id='word_1_54' title='bbox 497 885 575 960; x_wconf 88' lang='lat' dir='ltr'><strong>dicit,</strong></span> <span class='ocrx_word' id='word_1_55' title='bbox 596 903 671 964; x_wconf 91' lang='lat' dir='ltr'><strong>quae</strong></span> <span class='ocrx_word' id='word_1_56' title='bbox 692 885 905 948; x_wconf 88' lang='lat' dir='ltr'><strong>subiuncturus</strong></span> <span class='ocrx_word' id='word_1_57' title='bbox 927 895 980 960; x_wconf 90' lang='lat' dir='ltr'><strong>est,</strong></span> <span class='ocrx_word' id='word_1_58' title='bbox 1002 903 1078 964; x_wconf 91' lang='lat' dir='ltr'><strong>quae</strong></span> <span class='ocrx_word' id='word_1_59' title='bbox 1092 886 1169 946; x_wconf 91' lang='lat' dir='ltr'><strong>ultra</strong></span> <span class='ocrx_word' id='word_1_60' title='bbox 1184 885 1339 964; x_wconf 86' lang='lat' dir='ltr'><strong>spectanda</strong></span> 
     </span>
     <span class='ocr_line' id='line_1_8' title="bbox 279 969 1340 1051; baseline -0.003 -20"><span class='ocrx_word' id='word_1_61' title='bbox 279 979 364 1045; x_wconf 91' lang='lat' dir='ltr'><strong>sunt,</strong></span> <span class='ocrx_word' id='word_1_62' title='bbox 386 969 513 1030; x_wconf 87' lang='lat' dir='ltr'><strong>adhibita</strong></span> <span class='ocrx_word' id='word_1_63' title='bbox 531 970 628 1046; x_wconf 83' lang='lat' dir='ltr'><strong>vocis,</strong></span> <span class='ocrx_word' id='word_1_64' title='bbox 648 970 916 1051; x_wconf 88' lang='lat' dir='ltr'><strong>pronuntiationis,</strong></span> <span class='ocrx_word' id='word_1_65' title='bbox 938 979 1039 1048; x_wconf 82' lang='lat' dir='ltr'><strong>gestus</strong></span> <span class='ocrx_word' id='word_1_66' title='bbox 1060 969 1263 1032; x_wconf 87' lang='lat' dir='ltr'><strong>observatione</strong></span> <span class='ocrx_word' id='word_1_67' title='bbox 1281 988 1340 1030; x_wconf 90' lang='lat' dir='ltr'><strong>una</strong></span> 
     </span>
    </p>

    <p class='ocr_par' dir='ltr' id='par_1_4' title="bbox 227 1055 1342 1474">
     <span class='ocr_line' id='line_1_9' title="bbox 227 1055 1342 1135; baseline 0.002 -21"><span class='ocrx_word' id='word_1_68' title='bbox 227 1064 256 1114; x_wconf 83' lang='lat'><strong>10</strong></span> <span class='ocrx_word' id='word_1_69' title='bbox 268 1055 412 1116; x_wconf 87' lang='lat' dir='ltr'><strong>sufficiat.</strong></span> <span class='ocrx_word' id='word_1_70' title='bbox 442 1055 544 1134; x_wconf 83' lang='lat' dir='ltr'><strong>Longe</strong></span> <span class='ocrx_word' id='word_1_71' title='bbox 566 1055 646 1116; x_wconf 88' lang='lat' dir='ltr'><strong>enim</strong></span> <span class='ocrx_word' id='word_1_72' title='bbox 659 1055 815 1134; x_wconf 91' lang='lat' dir='ltr'><strong>praecedat</strong></span> <span class='ocrx_word' id='word_1_73' title='bbox 835 1063 953 1135; x_wconf 81' lang='lat' dir='ltr'><strong>oportet</strong></span> <span class='ocrx_word' id='word_1_74' title='bbox 967 1055 1093 1116; x_wconf 88' lang='lat' dir='ltr'><strong>intentio</strong></span> <span class='ocrx_word' id='word_1_75' title='bbox 1114 1074 1148 1116; x_wconf 89' lang='lat' dir='ltr'><strong>ao</strong></span> <span class='ocrx_word' id='word_1_76' title='bbox 1162 1073 1233 1135; x_wconf 89' lang='lat' dir='ltr'><strong>prae</strong></span> <span class='ocrx_word' id='word_1_77' title='bbox 1247 1073 1278 1116; x_wconf 90' lang='lat' dir='ltr'><strong>se</strong></span> <span class='ocrx_word' id='word_1_78' title='bbox 1293 1073 1342 1116; x_wconf 89' lang='lat' dir='ltr'><strong>res</strong></span> 
     </span>
     <span class='ocr_line' id='line_1_10' title="bbox 278 1139 1340 1218; baseline 0 -18"><span class='ocrx_word' id='word_1_79' title='bbox 278 1148 352 1218; x_wconf 80' lang='lat' dir='ltr'><strong>agat,</strong></span> <span class='ocrx_word' id='word_1_80' title='bbox 369 1148 571 1218; x_wconf 88' lang='lat' dir='ltr'><strong>quantumque</strong></span> <span class='ocrx_word' id='word_1_81' title='bbox 586 1139 711 1202; x_wconf 93' lang='lat' dir='ltr'><strong>dicendo</strong></span> <span class='ocrx_word' id='word_1_82' title='bbox 726 1140 919 1216; x_wconf 88' lang='lat' dir='ltr'><strong>consumitur,</strong></span> <span class='ocrx_word' id='word_1_83' title='bbox 939 1148 1053 1202; x_wconf 89' lang='lat' dir='ltr'><strong>tanturn</strong></span> <span class='ocrx_word' id='word_1_84' title='bbox 1066 1157 1104 1200; x_wconf 83' lang='lat' dir='ltr'><strong>er</strong></span> <span class='ocrx_word' id='word_1_85' title='bbox 1118 1140 1220 1200; x_wconf 85' lang='lat' dir='ltr'><strong>ultimo</strong></span> <span class='ocrx_word' id='word_1_86' title='bbox 1235 1157 1340 1218; x_wconf 92' lang='lat' dir='ltr'><strong>proro-</strong></span> 
     </span>
     <span class='ocr_line' id='line_1_11' title="bbox 277 1225 1339 1304; baseline -0.001 -18"><span class='ocrx_word' id='word_1_87' title='bbox 277 1233 378 1302; x_wconf 80' lang='lat' dir='ltr'><strong>getur3</strong></span> <span class='ocrx_word' id='word_1_88' title='bbox 398 1233 440 1298; x_wconf 86' lang='lat' dir='ltr'><strong>ut,</strong></span> <span class='ocrx_word' id='word_1_89' title='bbox 463 1225 558 1285; x_wconf 88' lang='lat' dir='ltr'><strong>donec</strong></span> <span class='ocrx_word' id='word_1_90' title='bbox 580 1225 786 1303; x_wconf 88' lang='lat' dir='ltr'><strong>perveniamus</strong></span> <span class='ocrx_word' id='word_1_91' title='bbox 808 1226 843 1286; x_wconf 88' lang='lat' dir='ltr'><strong>ad</strong></span> <span class='ocrx_word' id='word_1_92' title='bbox 864 1226 963 1298; x_wconf 87' lang='lat' dir='ltr'><strong>tinem,</strong></span> <span class='ocrx_word' id='word_1_93' title='bbox 986 1243 1046 1286; x_wconf 96' lang='lat' dir='ltr'><strong>non</strong></span> <span class='ocrx_word' id='word_1_94' title='bbox 1069 1225 1167 1286; x_wconf 89' lang='lat' dir='ltr'><strong>minus</strong></span> <span class='ocrx_word' id='word_1_95' title='bbox 1180 1234 1339 1304; x_wconf 91' lang='lat' dir='ltr'><strong>prospectu</strong></span> 
     </span>
     <span class='ocr_line' id='line_1_12' title="bbox 277 1308 1340 1387; baseline 0 -17"><span class='ocrx_word' id='word_1_96' title='bbox 277 1308 470 1387; x_wconf 88' lang='lat' dir='ltr'><strong>procedamus</strong></span> <span class='ocrx_word' id='word_1_97' title='bbox 491 1327 577 1387; x_wconf 87' lang='lat' dir='ltr'><strong>quarn</strong></span> <span class='ocrx_word' id='word_1_98' title='bbox 600 1311 707 1387; x_wconf 85' lang='lat' dir='ltr'><strong>gradu,</strong></span> <span class='ocrx_word' id='word_1_99' title='bbox 734 1311 758 1372; x_wconf 92' lang='lat' dir='ltr'><strong>si</strong></span> <span class='ocrx_word' id='word_1_100' title='bbox 780 1329 841 1372; x_wconf 93' lang='lat' dir='ltr'><strong>non</strong></span> <span class='ocrx_word' id='word_1_101' title='bbox 861 1309 1077 1372; x_wconf 81' lang='lat' dir='ltr'><strong>intersistentes</strong></span> <span class='ocrx_word' id='word_1_102' title='bbox 1103 1310 1340 1387; x_wconf 84' lang='lat' dir='ltr'><strong>offensantesque</strong></span> 
     </span>
     <span class='ocr_line' id='line_1_13' title="bbox 277 1392 1277 1474; baseline 0 -21"><span class='ocrx_word' id='word_1_103' title='bbox 277 1392 374 1454; x_wconf 88' lang='lat' dir='ltr'><strong>brevia</strong></span> <span class='ocrx_word' id='word_1_104' title='bbox 390 1394 437 1454; x_wconf 91' lang='lat' dir='ltr'><strong>illa</strong></span> <span class='ocrx_word' id='word_1_105' title='bbox 453 1403 541 1472; x_wconf 89' lang='lat' dir='ltr'><strong>atque</strong></span> <span class='ocrx_word' id='word_1_106' title='bbox 556 1395 676 1456; x_wconf 89' lang='lat' dir='ltr'><strong>concisa</strong></span> <span class='ocrx_word' id='word_1_107' title='bbox 690 1395 912 1474; x_wconf 75' lang='lat' dir='ltr'><strong>siugrdtantiurn</strong></span> <span class='ocrx_word' id='word_1_108' title='bbox 926 1394 1014 1455; x_wconf 90' lang='lat' dir='ltr'><strong>modo</strong></span> <span class='ocrx_word' id='word_1_109' title='bbox 1030 1395 1152 1456; x_wconf 91' lang='lat' dir='ltr'><strong>eiecturi</strong></span> <span class='ocrx_word' id='word_1_110' title='bbox 1167 1413 1277 1456; x_wconf 87' lang='lat' dir='ltr'><strong>sumus.</strong></span> 
     </span>
    </p>

    <p class='ocr_par' dir='ltr' id='par_1_5' title="bbox 225 1471 1344 1982">
     <span class='ocr_line' id='line_1_14' title="bbox 225 1471 1341 1561; baseline 0.004 -24"><span class='ocrx_word' id='word_1_111' title='bbox 225 1487 255 1537; x_wconf 87' lang='grc'><strong>11</strong></span> <span class='ocrx_word' id='word_1_112' title='bbox 359 1478 413 1540; x_wconf 86' lang='lat' dir='ltr'><strong>Est</strong></span> <span class='ocrx_word' id='word_1_113' title='bbox 433 1478 523 1556; x_wconf 81' lang='lat' dir='ltr'><strong>igitur</strong></span> <span class='ocrx_word' id='word_1_114' title='bbox 544 1497 616 1540; x_wconf 91' lang='lat' dir='ltr'><strong>usus</strong></span> <span class='ocrx_word' id='word_1_115' title='bbox 638 1479 754 1558; x_wconf 91' lang='lat' dir='ltr'><strong>quidam</strong></span> <span class='ocrx_word' id='word_1_116' title='bbox 774 1479 967 1554; x_wconf 80' lang='lat' dir='ltr'><strong>inrationalis,</strong></span> <span class='ocrx_word' id='word_1_117' title='bbox 989 1497 1077 1557; x_wconf 89' lang='lat' dir='ltr'><strong>quern</strong></span> <span class='ocrx_word' id='word_1_118' title='bbox 1096 1479 1200 1540; x_wconf 83' lang='lat' dir='ltr'><strong>Graeci</strong></span> <span class='ocrx_word' id='word_1_119' title='bbox 1223 1471 1341 1561; x_wconf 74' lang='grc' dir='ltr'><em>ἄλογον</em></span> 
     </span>
     <span class='ocr_line' id='line_1_15' title="bbox 276 1557 1343 1648; baseline 0 -24"><span class='ocrx_word' id='word_1_120' title='bbox 276 1557 392 1648; x_wconf 78' lang='grc' dir='ltr'><strong><em>τριβὴν</em></strong></span> <span class='ocrx_word' id='word_1_121' title='bbox 406 1571 521 1638; x_wconf 87' lang='lat' dir='ltr'><strong>vocant,</strong></span> <span class='ocrx_word' id='word_1_122' title='bbox 538 1581 595 1642; x_wconf 89' lang='lat' dir='ltr'><strong>qna</strong></span> <span class='ocrx_word' id='word_1_123' title='bbox 609 1581 715 1626; x_wconf 89' lang='lat' dir='ltr'><strong>manus</strong></span> <span class='ocrx_word' id='word_1_124' title='bbox 729 1565 760 1625; x_wconf 94' lang='lat' dir='ltr'><strong>in</strong></span> <span class='ocrx_word' id='word_1_125' title='bbox 776 1563 933 1626; x_wconf 89' lang='lat' dir='ltr'><strong>scribendo</strong></span> <span class='ocrx_word' id='word_1_126' title='bbox 945 1564 1083 1639; x_wconf 77' lang='lat' dir='ltr'><strong>decurrit</strong></span> <span class='ocrx_word' id='word_1_127' title='bbox 1099 1582 1156 1642; x_wconf 92' lang='lat' dir='ltr'><strong>qua</strong></span> <span class='ocrx_word' id='word_1_128' title='bbox 1172 1564 1250 1627; x_wconf 91' lang='lat' dir='ltr'><strong>oculi</strong></span> <span class='ocrx_word' id='word_1_129' title='bbox 1262 1572 1343 1624; x_wconf 85' lang='lat' dir='ltr'><strong>totos</strong></span> 
     </span>
     <span class='ocr_line' id='line_1_16' title="bbox 277 1647 1344 1729; baseline 0 -21"><span class='ocrx_word' id='word_1_130' title='bbox 277 1647 365 1709; x_wconf 87' lang='lat' dir='ltr'><strong>simul</strong></span> <span class='ocrx_word' id='word_1_131' title='bbox 383 1647 414 1708; x_wconf 95' lang='lat' dir='ltr'><strong>in</strong></span> <span class='ocrx_word' id='word_1_132' title='bbox 436 1647 563 1709; x_wconf 90' lang='lat' dir='ltr'><strong>lectione</strong></span> <span class='ocrx_word' id='word_1_133' title='bbox 583 1667 684 1712; x_wconf 87' lang='lat' dir='ltr'><strong>versus</strong></span> <span class='ocrx_word' id='word_1_134' title='bbox 698 1650 850 1729; x_wconf 84' lang='lat' dir='ltr'><strong>flexusque</strong></span> <span class='ocrx_word' id='word_1_135' title='bbox 871 1668 975 1710; x_wconf 89' lang='lat' dir='ltr'><strong>corum</strong></span> <span class='ocrx_word' id='word_1_136' title='bbox 990 1659 1019 1709; x_wconf 92' lang='lat' dir='ltr'><strong>et</strong></span> <span class='ocrx_word' id='word_1_137' title='bbox 1032 1649 1173 1710; x_wconf 82' lang='lat' dir='ltr'><strong>transitus</strong></span> <span class='ocrx_word' id='word_1_138' title='bbox 1187 1649 1344 1709; x_wconf 89' lang='lat' dir='ltr'><strong>intuentur</strong></span> 
     </span>
     <span class='ocr_line' id='line_1_17' title="bbox 277 1733 1343 1815; baseline -0.001 -22"><span class='ocrx_word' id='word_1_139' title='bbox 277 1741 307 1794; x_wconf 89' lang='lat' dir='ltr'><strong>et</strong></span> <span class='ocrx_word' id='word_1_140' title='bbox 330 1740 398 1794; x_wconf 88' lang='lat' dir='ltr'><strong>ante</strong></span> <span class='ocrx_word' id='word_1_141' title='bbox 420 1733 574 1811; x_wconf 90' lang='lat' dir='ltr'><strong>sequentia</strong></span> <span class='ocrx_word' id='word_1_142' title='bbox 594 1734 692 1795; x_wconf 88' lang='lat' dir='ltr'><strong>vident</strong></span> <span class='ocrx_word' id='word_1_143' title='bbox 713 1746 802 1814; x_wconf 89' lang='lat' dir='ltr'><strong>quarn</strong></span> <span class='ocrx_word' id='word_1_144' title='bbox 821 1735 920 1815; x_wconf 90' lang='lat' dir='ltr'><strong>priora</strong></span> <span class='ocrx_word' id='word_1_145' title='bbox 941 1733 1087 1794; x_wconf 83' lang='lat' dir='ltr'><strong>dixerunt.</strong></span> <span class='ocrx_word' id='word_1_146' title='bbox 1118 1733 1184 1804; x_wconf 86' lang='lat' dir='ltr'><strong>Quo</strong></span> <span class='ocrx_word' id='word_1_147' title='bbox 1205 1742 1343 1795; x_wconf 71' lang='lat' dir='ltr'><strong>oonsunt</strong></span> 
     </span>
     <span class='ocr_line' id='line_1_18' title="bbox 276 1816 1344 1898; baseline 0.001 -21"><span class='ocrx_word' id='word_1_148' title='bbox 276 1816 419 1893; x_wconf 82' lang='lat' dir='ltr'><strong>miracula</strong></span> <span class='ocrx_word' id='word_1_149' title='bbox 435 1817 484 1878; x_wconf 84' lang='lat' dir='ltr'><strong>ilia</strong></span> <span class='ocrx_word' id='word_1_150' title='bbox 504 1817 534 1878; x_wconf 91' lang='lat' dir='ltr'><strong>in</strong></span> <span class='ocrx_word' id='word_1_151' title='bbox 555 1819 670 1880; x_wconf 86' lang='lat' dir='ltr'><strong>scaenis</strong></span> <span class='ocrx_word' id='word_1_152' title='bbox 690 1820 861 1898; x_wconf 88' lang='lat' dir='ltr'><strong>pilariorum</strong></span> <span class='ocrx_word' id='word_1_153' title='bbox 883 1837 917 1880; x_wconf 90' lang='lat' dir='ltr'><strong>ac</strong></span> <span class='ocrx_word' id='word_1_154' title='bbox 931 1819 1148 1893; x_wconf 85' lang='lat' dir='ltr'><strong>ventilatorum,</strong></span> <span class='ocrx_word' id='word_1_155' title='bbox 1169 1827 1204 1879; x_wconf 89' lang='lat' dir='ltr'><strong>ut</strong></span> <span class='ocrx_word' id='word_1_156' title='bbox 1218 1837 1252 1879; x_wconf 93' lang='lat' dir='ltr'><strong>ea</strong></span> <span class='ocrx_word' id='word_1_157' title='bbox 1267 1836 1344 1896; x_wconf 88' lang='lat' dir='ltr'><strong>quae</strong></span> 
     </span>
     <span class='ocr_line' id='line_1_19' title="bbox 277 1901 1340 1982; baseline 0.001 -20"><span class='ocrx_word' id='word_1_158' title='bbox 277 1901 430 1963; x_wconf 87' lang='lat' dir='ltr'><strong>emiserint</strong></span> <span class='ocrx_word' id='word_1_159' title='bbox 449 1901 527 1962; x_wconf 82' lang='lat' dir='ltr'><strong>uiuo</strong></span> <span class='ocrx_word' id='word_1_160' title='bbox 548 1903 649 1964; x_wconf 88' lang='lat' dir='ltr'><strong>venire</strong></span> <span class='ocrx_word' id='word_1_161' title='bbox 672 1903 702 1964; x_wconf 94' lang='lat' dir='ltr'><strong>in</strong></span> <span class='ocrx_word' id='word_1_162' title='bbox 726 1923 831 1966; x_wconf 88' lang='lat' dir='ltr'><strong>manus</strong></span> <span class='ocrx_word' id='word_1_163' title='bbox 845 1903 948 1964; x_wconf 89' lang='lat' dir='ltr'><strong>credas</strong></span> <span class='ocrx_word' id='word_1_164' title='bbox 963 1912 1064 1982; x_wconf 91' lang='lat' dir='ltr'><strong>etqua</strong></span> <span class='ocrx_word' id='word_1_165' title='bbox 1079 1903 1220 1964; x_wconf 88' lang='lat' dir='ltr'><strong>iubentur</strong></span> <span class='ocrx_word' id='word_1_166' title='bbox 1234 1904 1340 1964; x_wconf 89' lang='lat' dir='ltr'><strong>deaur-</strong></span> 
     </span>
    </p>

    <p class='ocr_par' dir='ltr' id='par_1_6' title="bbox 223 1985 1343 2235">
     <span class='ocr_line' id='line_1_20' title="bbox 223 1985 1343 2068; baseline 0.002 -22"><span class='ocrx_word' id='word_1_167' title='bbox 223 1995 253 2046; x_wconf 80' lang='lat'><strong>12</strong></span> <span class='ocrx_word' id='word_1_168' title='bbox 274 2003 350 2048; x_wconf 91' lang='lat' dir='ltr'><strong>rere.</strong></span> <span class='ocrx_word' id='word_1_169' title='bbox 381 1985 438 2048; x_wconf 88' lang='lat' dir='ltr'><strong>Sed</strong></span> <span class='ocrx_word' id='word_1_170' title='bbox 456 1986 505 2048; x_wconf 87' lang='lat' dir='ltr'><strong>hic</strong></span> <span class='ocrx_word' id='word_1_171' title='bbox 524 2006 595 2049; x_wconf 90' lang='lat' dir='ltr'><strong>usus</strong></span> <span class='ocrx_word' id='word_1_172' title='bbox 617 1987 656 2048; x_wconf 94' lang='lat' dir='ltr'><strong>ita</strong></span> <span class='ocrx_word' id='word_1_173' title='bbox 675 1989 817 2068; x_wconf 89' lang='lat' dir='ltr'><strong>proderit,</strong></span> <span class='ocrx_word' id='word_1_174' title='bbox 839 1989 862 2050; x_wconf 90' lang='lat' dir='ltr'><strong>si</strong></span> <span class='ocrx_word' id='word_1_175' title='bbox 887 2005 921 2048; x_wconf 92' lang='lat' dir='ltr'><strong>ea</strong></span> <span class='ocrx_word' id='word_1_176' title='bbox 940 1987 977 2048; x_wconf 93' lang='lat' dir='ltr'><strong>de</strong></span> <span class='ocrx_word' id='word_1_177' title='bbox 998 2006 1055 2066; x_wconf 91' lang='lat' dir='ltr'><strong>qua</strong></span> <span class='ocrx_word' id='word_1_178' title='bbox 1070 1987 1162 2050; x_wconf 86' lang='lat' dir='ltr'><strong>locuti</strong></span> <span class='ocrx_word' id='word_1_179' title='bbox 1177 2007 1279 2050; x_wconf 89' lang='lat' dir='ltr'><strong>sumus</strong></span> <span class='ocrx_word' id='word_1_180' title='bbox 1294 2005 1343 2048; x_wconf 89' lang='lat' dir='ltr'><strong>ars</strong></span> 
     </span>
     <span class='ocr_line' id='line_1_21' title="bbox 275 2071 1339 2153; baseline -0.001 -20"><span class='ocrx_word' id='word_1_181' title='bbox 275 2071 476 2146; x_wconf 81' lang='lat' dir='ltr'><strong>antecesserit,</strong></span> <span class='ocrx_word' id='word_1_182' title='bbox 498 2081 532 2132; x_wconf 91' lang='lat' dir='ltr'><strong>ut</strong></span> <span class='ocrx_word' id='word_1_183' title='bbox 546 2072 642 2152; x_wconf 89' lang='lat' dir='ltr'><strong>ipsum</strong></span> <span class='ocrx_word' id='word_1_184' title='bbox 658 2073 738 2148; x_wconf 92' lang='lat' dir='ltr'><strong>illud,</strong></span> <span class='ocrx_word' id='word_1_185' title='bbox 760 2074 838 2153; x_wconf 86' lang='lat' dir='ltr'><strong>quod</strong></span> <span class='ocrx_word' id='word_1_186' title='bbox 862 2073 893 2132; x_wconf 93' lang='lat' dir='ltr'><strong>in</strong></span> <span class='ocrx_word' id='word_1_187' title='bbox 912 2091 944 2134; x_wconf 88' lang='lat' dir='ltr'><strong>se</strong></span> <span class='ocrx_word' id='word_1_188' title='bbox 959 2073 1104 2134; x_wconf 87' lang='lat' dir='ltr'><strong>rationem</strong></span> <span class='ocrx_word' id='word_1_189' title='bbox 1119 2091 1180 2133; x_wconf 93' lang='lat' dir='ltr'><strong>non</strong></span> <span class='ocrx_word' id='word_1_190' title='bbox 1195 2073 1293 2147; x_wconf 88' lang='lat' dir='ltr'><strong>habet,</strong></span> <span class='ocrx_word' id='word_1_191' title='bbox 1310 2072 1339 2132; x_wconf 92' lang='lat' dir='ltr'><strong>in</strong></span> 
     </span>
     <span class='ocr_line' id='line_1_22' title="bbox 275 2156 1340 2235; baseline -0.001 -19"><span class='ocrx_word' id='word_1_192' title='bbox 275 2156 389 2218; x_wconf 87' lang='lat' dir='ltr'><strong>ratione</strong></span> <span class='ocrx_word' id='word_1_193' title='bbox 404 2164 546 2218; x_wconf 86' lang='lat' dir='ltr'><strong>versetur.</strong></span> <span class='ocrx_word' id='word_1_194' title='bbox 575 2158 649 2218; x_wconf 89' lang='lat' dir='ltr'><strong>Nam</strong></span> <span class='ocrx_word' id='word_1_195' title='bbox 670 2158 742 2219; x_wconf 90' lang='lat' dir='ltr'><strong>mihi</strong></span> <span class='ocrx_word' id='word_1_196' title='bbox 764 2177 802 2218; x_wconf 94' lang='lat' dir='ltr'><strong>ne</strong></span> <span class='ocrx_word' id='word_1_197' title='bbox 823 2156 921 2218; x_wconf 90' lang='lat' dir='ltr'><strong>dicere</strong></span> <span class='ocrx_word' id='word_1_198' title='bbox 944 2157 1060 2235; x_wconf 87' lang='lat' dir='ltr'><strong>quidem</strong></span> <span class='ocrx_word' id='word_1_199' title='bbox 1083 2157 1197 2218; x_wconf 89' lang='lat' dir='ltr'><strong>videtur</strong></span> <span class='ocrx_word' id='word_1_200' title='bbox 1217 2157 1274 2218; x_wconf 90' lang='lat' dir='ltr'><strong>nisi</strong></span> <span class='ocrx_word' id='word_1_201' title='bbox 1290 2157 1340 2234; x_wconf 91' lang='lat' dir='ltr'><strong>qui</strong></span> 
     </span>
    </p>

    <p class='ocr_par' dir='ltr' id='par_1_7' title="bbox 224 2239 1343 2321">
     <span class='ocr_line' id='line_1_23' title="bbox 224 2239 1343 2321; baseline 0.002 -22"><span class='ocrx_word' id='word_1_202' title='bbox 224 2249 253 2299; x_wconf 83' lang='grc'><strong>13</strong></span> <span class='ocrx_word' id='word_1_203' title='bbox 275 2240 425 2318; x_wconf 90' lang='lat' dir='ltr'><strong>disposite,</strong></span> <span class='ocrx_word' id='word_1_204' title='bbox 441 2239 552 2316; x_wconf 85' lang='lat' dir='ltr'><strong>ornate,</strong></span> <span class='ocrx_word' id='word_1_205' title='bbox 568 2243 688 2321; x_wconf 90' lang='lat' dir='ltr'><strong>copiose</strong></span> <span class='ocrx_word' id='word_1_206' title='bbox 704 2243 782 2317; x_wconf 92' lang='lat' dir='ltr'><strong>dicit,</strong></span> <span class='ocrx_word' id='word_1_207' title='bbox 798 2242 847 2304; x_wconf 91' lang='lat' dir='ltr'><strong>sed</strong></span> <span class='ocrx_word' id='word_1_208' title='bbox 863 2241 1043 2302; x_wconf 87' lang='lat' dir='ltr'><strong>tumultuari.</strong></span> <span class='ocrx_word' id='word_1_209' title='bbox 1073 2242 1134 2302; x_wconf 87' lang='lat' dir='ltr'><strong>Nec</strong></span> <span class='ocrx_word' id='word_1_210' title='bbox 1149 2241 1263 2302; x_wconf 83' lang='lat' dir='ltr'><strong>fortuiti</strong></span> <span class='ocrx_word' id='word_1_211' title='bbox 1278 2259 1343 2302; x_wconf 91' lang='lat' dir='ltr'><strong>ser-</strong></span> 
     </span>
    </p>
   </div>
   <div class='ocr_carea' id='block_1_4' title="bbox 182 2388 1348 4014">
    <p class='ocr_par' dir='ltr' id='par_1_8' title="bbox 182 2388 1348 3269">
     <span class='ocr_line' id='line_1_24' title="bbox 274 2388 1345 2457; baseline 0 -17"><span class='ocrx_word' id='word_1_212' title='bbox 274 2394 312 2440; x_wconf 81' lang='lat' dir='ltr'><strong>ert</strong></span> <span class='ocrx_word' id='word_1_213' title='bbox 335 2388 398 2440; x_wconf 77' lang='lat' dir='ltr'><strong>aliie</strong></span> <span class='ocrx_word' id='word_1_214' title='bbox 423 2405 566 2441; x_wconf 77' lang='lat' dir='ltr'><strong>concursus</strong></span> <span class='ocrx_word' id='word_1_215' title='bbox 588 2394 644 2442; x_wconf 80' lang='lat' dir='ltr'><strong>orie</strong></span> <span class='ocrx_word' id='word_1_216' title='bbox 669 2395 695 2441; x_wconf 88' lang='lat' dir='ltr'><strong>et</strong></span> <span class='ocrx_word' id='word_1_217' title='bbox 721 2407 781 2442; x_wconf 86' lang='lat' dir='ltr'><strong>cum</strong></span> <span class='ocrx_word' id='word_1_218' title='bbox 830 2407 879 2442; x_wconf 90' lang='lat' dir='ltr'><strong>rae</strong></span> <span class='ocrx_word' id='word_1_219' title='bbox 890 2391 1045 2442; x_wconf 78' lang='lat' dir='ltr'><strong>adverbum</strong></span> <span class='ocrx_word' id='word_1_220' title='bbox 1056 2391 1234 2457; x_wconf 65' lang='lat' dir='ltr'><strong>enitendum,</strong></span> <span class='ocrx_word' id='word_1_221' title='bbox 1250 2394 1290 2441; x_wconf 77' lang='lat' dir='ltr'><strong>ric</strong></span> <span class='ocrx_word' id='word_1_222' title='bbox 1301 2390 1345 2441; x_wconf 75' lang='lat' dir='ltr'><strong>ille*</strong></span> 
     </span>
     <span class='ocr_line' id='line_1_25' title="bbox 271 2459 1345 2524; baseline 0.002 -17"><span class='ocrx_word' id='word_1_223' title='bbox 271 2459 359 2508; x_wconf 62' lang='lat' dir='ltr'><strong>nudie</strong></span> <span class='ocrx_word' id='word_1_224' title='bbox 376 2459 433 2508; x_wconf 79' lang='lat' dir='ltr'><strong>auis</strong></span> <span class='ocrx_word' id='word_1_225' title='bbox 451 2459 620 2510; x_wconf 67' lang='lat' dir='ltr'><strong>ominentia.</strong></span> <span class='ocrx_word' id='word_1_226' title='bbox 689 2494 693 2502; x_wconf 75' lang='lat'><em>-</em></span> <span class='ocrx_word' id='word_1_227' title='bbox 831 2459 869 2510; x_wconf 84' lang='lat' dir='ltr'><strong>ad</strong></span> <span class='ocrx_word' id='word_1_228' title='bbox 894 2474 1001 2510; x_wconf 79' lang='lat' dir='ltr'><strong>caueam</strong></span> <span class='ocrx_word' id='word_1_229' title='bbox 1033 2459 1220 2524; x_wconf 73' lang='lat' dir='ltr'><strong>euplioandam</strong></span> <span class='ocrx_word' id='word_1_230' title='bbox 1249 2461 1345 2509; x_wconf 78' lang='lat' dir='ltr'><strong>atatim</strong></span> 
     </span>
     <span class='ocr_line' id='line_1_26' title="bbox 307 2525 983 2592; baseline -0.001 -14"><span class='ocrx_word' id='word_1_231' title='bbox 307 2527 330 2578; x_wconf 89' lang='grc'><strong>9.</strong></span> <span class='ocrx_word' id='word_1_232' title='bbox 348 2525 470 2578; x_wconf 74' lang='lat' dir='ltr'><strong>adhibita</strong></span> <span class='ocrx_word' id='word_1_233' title='bbox 479 2555 513 2565; x_wconf 89' lang='lat'><strong>-—</strong></span> <span class='ocrx_word' id='word_1_234' title='bbox 526 2529 715 2591; x_wconf 64' lang='lat' dir='ltr'><strong>obsecutione,</strong></span> <span class='ocrx_word' id='word_1_235' title='bbox 728 2526 779 2592; x_wconf 78' lang='lat' dir='ltr'>vgl.</span> <span class='ocrx_word' id='word_1_236' title='bbox 831 2531 983 2578; x_wconf 84' lang='lat' dir='ltr'><strong>occurrant.</strong></span> 
     </span>
     <span class='ocr_line' id='line_1_27' title="bbox 182 2587 1345 2660; baseline 0.001 -15"><span class='ocrx_word' id='word_1_237' title='bbox 182 2647 183 2658; x_wconf 53' lang='lat'><strong>,</strong></span> <span class='ocrx_word' id='word_1_238' title='bbox 274 2596 295 2656; x_wconf 90' lang='lat'><strong>1,</strong></span> <span class='ocrx_word' id='word_1_239' title='bbox 317 2596 354 2645; x_wconf 80' lang='lat'><strong>17.</strong></span> <span class='ocrx_word' id='word_1_240' title='bbox 865 2587 1345 2660; x_wconf 58' lang='lat' dir='ltr'><strong>meramu‘xuneutueke&#39;,caspie-</strong></span> 
     </span>
     <span class='ocr_line' id='line_1_28' title="bbox 305 2655 1345 2729; baseline 0.003 -18"><span class='ocrx_word' id='word_1_241' title='bbox 305 2663 434 2728; x_wconf 71' lang='lat' dir='ltr'><strong>rullt&#39;ee&#39;at,</strong></span> <span class='ocrx_word' id='word_1_242' title='bbox 451 2662 562 2714; x_wconf 79' lang='lat' dir='ltr'><strong>niurlich</strong></span> <span class='ocrx_word' id='word_1_243' title='bbox 581 2663 694 2714; x_wconf 79' lang='lat' dir='ltr'><strong>animus.</strong></span> <span class='ocrx_word' id='word_1_244' title='bbox 831 2662 933 2714; x_wconf 87' lang='lat' dir='ltr'><strong>chische</strong></span> <span class='ocrx_word' id='word_1_245' title='bbox 951 2655 1093 2727; x_wconf 72' lang='grc' dir='ltr'><strong>θαύματα,</strong></span> <span class='ocrx_word' id='word_1_246' title='bbox 1113 2661 1166 2728; x_wconf 75' lang='lat' dir='ltr'>vgl.</span> <span class='ocrx_word' id='word_1_247' title='bbox 1184 2660 1258 2713; x_wconf 84' lang='lat' dir='ltr'><strong>Plato</strong></span> <span class='ocrx_word' id='word_1_248' title='bbox 1276 2661 1345 2729; x_wconf 85' lang='lat' dir='ltr'><strong>Rep.</strong></span> 
     </span>
     <span class='ocr_line' id='line_1_29' title="bbox 307 2727 1295 2796; baseline 0.001 -15"><span class='ocrx_word' id='word_1_249' title='bbox 307 2731 346 2782; x_wconf 82' lang='lat' dir='ltr'><strong>tn.</strong></span> <span class='ocrx_word' id='word_1_250' title='bbox 359 2733 708 2796; x_wconf 75' lang='lat' dir='ltr'><strong>quantum-prorogetur,</strong></span> <span class='ocrx_word' id='word_1_251' title='bbox 724 2728 780 2781; x_wconf 88' lang='lat' dir='ltr'><strong>sind</strong></span> <span class='ocrx_word' id='word_1_252' title='bbox 834 2729 882 2794; x_wconf 89' lang='lat' dir='ltr'><strong>Vll,</strong></span> <span class='ocrx_word' id='word_1_253' title='bbox 899 2732 950 2782; x_wconf 74' lang='lat'><strong>514</strong></span> <span class='ocrx_word' id='word_1_254' title='bbox 967 2728 989 2780; x_wconf 93' lang='lat' dir='ltr'>B</span> <span class='ocrx_word' id='word_1_255' title='bbox 1007 2728 1038 2780; x_wconf 90' lang='lat' dir='ltr'><strong>de</strong></span> <span class='ocrx_word' id='word_1_256' title='bbox 1056 2729 1123 2794; x_wconf 72' lang='lat' dir='ltr'><strong>legg.</strong></span> <span class='ocrx_word' id='word_1_257' title='bbox 1141 2729 1179 2793; x_wconf 84' lang='lat'><strong>111,</strong></span> <span class='ocrx_word' id='word_1_258' title='bbox 1197 2731 1244 2782; x_wconf 77' lang='grc'><strong>618</strong></span> <span class='ocrx_word' id='word_1_259' title='bbox 1263 2727 1295 2782; x_wconf 91' lang='grc' dir='ltr'><strong>Β.</strong></span> 
     </span>
     <span class='ocr_line' id='line_1_30' title="bbox 270 2793 1348 2863; baseline 0.002 -17"><span class='ocrx_word' id='word_1_260' title='bbox 270 2795 427 2859; x_wconf 81' lang='lat' dir='ltr'><strong>Auedrncke,</strong></span> <span class='ocrx_word' id='word_1_261' title='bbox 439 2796 480 2848; x_wconf 89' lang='lat' dir='ltr'><strong>die</strong></span> <span class='ocrx_word' id='word_1_262' title='bbox 492 2797 549 2848; x_wconf 89' lang='lat' dir='ltr'><strong>dem</strong></span> <span class='ocrx_word' id='word_1_263' title='bbox 561 2796 713 2849; x_wconf 82' lang='lat' dir='ltr'><strong>Geldwesen</strong></span> <span class='ocrx_word' id='word_1_264' title='bbox 726 2800 781 2848; x_wconf 83' lang='lat' dir='ltr'><strong>ent-</strong></span> <span class='ocrx_word' id='word_1_265' title='bbox 863 2797 1025 2863; x_wconf 81' lang='lat' dir='ltr'><strong>pilariorum</strong></span> <span class='ocrx_word' id='word_1_266' title='bbox 1034 2799 1272 2848; x_wconf 80' lang='lat' dir='ltr'><strong>acuentitatcrum.</strong></span> <span class='ocrx_word' id='word_1_267' title='bbox 1284 2793 1348 2848; x_wconf 89' lang='lat' dir='ltr'><strong>Bei-</strong></span> 
     </span>
     <span class='ocr_line' id='line_1_31' title="bbox 270 2862 1345 2916; baseline 0.001 -2"><span class='ocrx_word' id='word_1_268' title='bbox 270 2862 343 2915; x_wconf 88' lang='lat' dir='ltr'><strong>lehnt</strong></span> <span class='ocrx_word' id='word_1_269' title='bbox 355 2863 419 2916; x_wconf 88' lang='lat' dir='ltr'><strong>sind.</strong></span> <span class='ocrx_word' id='word_1_270' title='bbox 438 2863 525 2916; x_wconf 89' lang='lat' dir='ltr'><strong>Soviel</strong></span> <span class='ocrx_word' id='word_1_271' title='bbox 537 2864 572 2914; x_wconf 87' lang='lat' dir='ltr'><strong>im</strong></span> <span class='ocrx_word' id='word_1_272' title='bbox 581 2863 668 2916; x_wconf 87' lang='lat' dir='ltr'><strong>Redeo</strong></span> <span class='ocrx_word' id='word_1_273' title='bbox 681 2863 781 2916; x_wconf 81' lang='lat' dir='ltr'><strong>darauf·</strong></span> <span class='ocrx_word' id='word_1_274' title='bbox 831 2863 863 2915; x_wconf 90' lang='lat' dir='ltr'><strong>de</strong></span> <span class='ocrx_word' id='word_1_275' title='bbox 880 2863 982 2916; x_wconf 77' lang='lat' dir='ltr'><strong>Wdrter</strong></span> <span class='ocrx_word' id='word_1_276' title='bbox 998 2863 1084 2916; x_wconf 87' lang='lat' dir='ltr'><strong>finden</strong></span> <span class='ocrx_word' id='word_1_277' title='bbox 1106 2865 1160 2916; x_wconf 87' lang='lat' dir='ltr'><strong>sich</strong></span> <span class='ocrx_word' id='word_1_278' title='bbox 1179 2865 1204 2916; x_wconf 90' lang='lat' dir='ltr'><strong>in</strong></span> <span class='ocrx_word' id='word_1_279' title='bbox 1223 2864 1269 2916; x_wconf 89' lang='lat' dir='ltr'><strong>der</strong></span> <span class='ocrx_word' id='word_1_280' title='bbox 1286 2864 1345 2916; x_wconf 87' lang='lat' dir='ltr'><strong>hier</strong></span> 
     </span>
     <span class='ocr_line' id='line_1_32' title="bbox 272 2930 1346 2997; baseline 0.002 -15"><span class='ocrx_word' id='word_1_281' title='bbox 272 2930 341 2996; x_wconf 78' lang='lat' dir='ltr'><strong>geht,</strong></span> <span class='ocrx_word' id='word_1_282' title='bbox 358 2931 424 2982; x_wconf 70' lang='lat' dir='ltr'><strong>mun</strong></span> <span class='ocrx_word' id='word_1_283' title='bbox 442 2931 486 2984; x_wconf 88' lang='lat' dir='ltr'><strong>der</strong></span> <span class='ocrx_word' id='word_1_284' title='bbox 496 2930 597 2983; x_wconf 88' lang='lat' dir='ltr'><strong>Redner</strong></span> <span class='ocrx_word' id='word_1_285' title='bbox 610 2931 665 2983; x_wconf 87' lang='lat' dir='ltr'><strong>sich</strong></span> <span class='ocrx_word' id='word_1_286' title='bbox 677 2931 711 2982; x_wconf 82' lang='lat' dir='ltr'><strong>inu</strong></span> <span class='ocrx_word' id='word_1_287' title='bbox 723 2947 781 2984; x_wconf 88' lang='lat' dir='ltr'><strong>vor·</strong></span> <span class='ocrx_word' id='word_1_288' title='bbox 830 2931 1027 2984; x_wconf 79' lang='lat' dir='ltr'><strong>erforderlichen</strong></span> <span class='ocrx_word' id='word_1_289' title='bbox 1036 2931 1248 2997; x_wconf 79' lang='lat' dir='ltr'><strong>Bedeutungvon</strong></span> <span class='ocrx_word' id='word_1_290' title='bbox 1257 2931 1346 2984; x_wconf 77' lang='lat' dir='ltr'><strong>Gauiu-</strong></span> 
     </span>
     <span class='ocr_line' id='line_1_33' title="bbox 271 2997 1343 3066; baseline 0.003 -18"><span class='ocrx_word' id='word_1_291' title='bbox 271 3013 317 3050; x_wconf 88' lang='lat' dir='ltr'><strong>aus</strong></span> <span class='ocrx_word' id='word_1_292' title='bbox 334 3013 393 3051; x_wconf 84' lang='lat' dir='ltr'><strong>vom</strong></span> <span class='ocrx_word' id='word_1_293' title='bbox 410 2998 481 3050; x_wconf 85' lang='lat' dir='ltr'><strong>Ende</strong></span> <span class='ocrx_word' id='word_1_294' title='bbox 503 3013 549 3051; x_wconf 86' lang='lat' dir='ltr'><strong>aus</strong></span> <span class='ocrx_word' id='word_1_295' title='bbox 566 2999 657 3065; x_wconf 77' lang='lat' dir='ltr'><strong>fldssig</strong></span> <span class='ocrx_word' id='word_1_296' title='bbox 673 2998 780 3051; x_wconf 83' lang='lat' dir='ltr'><strong>arachen</strong></span> <span class='ocrx_word' id='word_1_297' title='bbox 829 2999 868 3050; x_wconf 86' lang='lat' dir='ltr'><strong>ier</strong></span> <span class='ocrx_word' id='word_1_298' title='bbox 879 2997 1151 3066; x_wconf 82' lang='lat' dir='ltr'><strong>und&#39;l&#39;eschenspieler</strong></span> <span class='ocrx_word' id='word_1_299' title='bbox 1162 3000 1343 3052; x_wconf 86' lang='lat' dir='ltr'><strong>weiternicht.</strong></span> 
     </span>
     <span class='ocr_line' id='line_1_34' title="bbox 269 3065 1346 3132; baseline 0.002 -16"><span class='ocrx_word' id='word_1_300' title='bbox 269 3065 322 3118; x_wconf 93' lang='lat' dir='ltr'><strong>und</strong></span> <span class='ocrx_word' id='word_1_301' title='bbox 341 3081 370 3118; x_wconf 89' lang='lat' dir='ltr'><strong>so</strong></span> <span class='ocrx_word' id='word_1_302' title='bbox 388 3066 607 3132; x_wconf 75' lang='lat' dir='ltr'><strong>geuiseerrnasseu</strong></span> <span class='ocrx_word' id='word_1_303' title='bbox 629 3067 699 3118; x_wconf 74' lang='lat' dir='ltr'><strong>seiru</strong></span> <span class='ocrx_word' id='word_1_304' title='bbox 715 3067 779 3118; x_wconf 80' lang='lat' dir='ltr'><strong>Zab-</strong></span> <span class='ocrx_word' id='word_1_305' title='bbox 867 3068 905 3118; x_wconf 80' lang='lat'><strong>12.</strong></span> <span class='ocrx_word' id='word_1_306' title='bbox 922 3069 963 3117; x_wconf 83' lang='lat' dir='ltr'><strong>ita</strong></span> <span class='ocrx_word' id='word_1_307' title='bbox 975 3093 1006 3104; x_wconf 91' lang='lat'><em>—</em></span> <span class='ocrx_word' id='word_1_308' title='bbox 1020 3069 1045 3116; x_wconf 80' lang='lat' dir='ltr'><strong>et</strong></span> <span class='ocrx_word' id='word_1_309' title='bbox 1061 3067 1096 3118; x_wconf 88' lang='lat' dir='ltr'><strong>irn</strong></span> <span class='ocrx_word' id='word_1_310' title='bbox 1113 3067 1346 3120; x_wconf 80' lang='lat' dir='ltr'><strong>heschrinkeuden</strong></span> 
     </span>
     <span class='ocr_line' id='line_1_35' title="bbox 269 3129 1345 3201; baseline 0.001 -17"><span class='ocrx_word' id='word_1_311' title='bbox 269 3133 472 3201; x_wconf 75' lang='lat' dir='ltr'><strong>lnnqssalriqkeit</strong></span> <span class='ocrx_word' id='word_1_312' title='bbox 495 3133 584 3200; x_wconf 74' lang='lat' dir='ltr'><strong>linger</strong></span> <span class='ocrx_word' id='word_1_313' title='bbox 606 3134 779 3187; x_wconf 86' lang='lat' dir='ltr'><strong>hineusschie·</strong></span> <span class='ocrx_word' id='word_1_314' title='bbox 831 3131 909 3186; x_wconf 87' lang='lat' dir='ltr'><strong>Sinne</strong></span> <span class='ocrx_word' id='word_1_315' title='bbox 920 3129 978 3185; x_wconf 89' lang='lat' dir='ltr'><strong>‘nur</strong></span> <span class='ocrx_word' id='word_1_316' title='bbox 989 3134 1015 3185; x_wconf 92' lang='lat' dir='ltr'><strong>in</strong></span> <span class='ocrx_word' id='word_1_317' title='bbox 1028 3133 1085 3186; x_wconf 84' lang='lat' dir='ltr'><strong>deun</strong></span> <span class='ocrx_word' id='word_1_318' title='bbox 1096 3133 1175 3197; x_wconf 84' lang='lat' dir='ltr'><strong>Folle,</strong></span> <span class='ocrx_word' id='word_1_319' title='bbox 1193 3129 1288 3199; x_wconf 84' lang='lat' dir='ltr'><strong>wenn’‚</strong></span> <span class='ocrx_word' id='word_1_320' title='bbox 1301 3135 1345 3186; x_wconf 89' lang='lat' dir='ltr'><strong>bei</strong></span> 
     </span>
     <span class='ocr_line' id='line_1_36' title="bbox 268 3199 1346 3269; baseline 0 -15"><span class='ocrx_word' id='word_1_321' title='bbox 268 3203 328 3254; x_wconf 84' lang='lat' dir='ltr'><strong>ben.</strong></span> <span class='ocrx_word' id='word_1_322' title='bbox 363 3201 488 3266; x_wconf 87' lang='lat' dir='ltr'><strong>(Becher).</strong></span> <span class='ocrx_word' id='word_1_323' title='bbox 831 3199 916 3261; x_wconf 76' lang='lat' dir='ltr'><strong>Quint.</strong></span> <span class='ocrx_word' id='word_1_324' title='bbox 934 3201 986 3254; x_wconf 94' lang='lat' dir='ltr'><strong>und</strong></span> <span class='ocrx_word' id='word_1_325' title='bbox 1004 3201 1053 3254; x_wconf 92' lang='lat' dir='ltr'><strong>den</strong></span> <span class='ocrx_word' id='word_1_326' title='bbox 1071 3203 1188 3269; x_wconf 80' lang='lat' dir='ltr'><strong>spiteren</strong></span> <span class='ocrx_word' id='word_1_327' title='bbox 1205 3202 1346 3254; x_wconf 86' lang='lat' dir='ltr'><strong>Lateinern</strong></span> 
     </span>
    </p>

    <p class='ocr_par' dir='ltr' id='par_1_9' title="bbox 270 3262 1346 3404">
     <span class='ocr_line' id='line_1_37' title="bbox 305 3262 1346 3336; baseline 0 -14"><span class='ocrx_word' id='word_1_328' title='bbox 305 3274 344 3323; x_wconf 89' lang='lat'><strong>11.</strong></span> <span class='ocrx_word' id='word_1_329' title='bbox 358 3262 714 3336; x_wconf 76' lang='lat' dir='ltr'><strong>inrationalis,‘prinaiplos’,</strong></span> <span class='ocrx_word' id='word_1_330' title='bbox 724 3268 779 3321; x_wconf 90' lang='lat' dir='ltr'><strong>also</strong></span> <span class='ocrx_word' id='word_1_331' title='bbox 795 3299 797 3302; x_wconf 94' lang='lat'>-</span> <span class='ocrx_word' id='word_1_332' title='bbox 831 3269 890 3321; x_wconf 88' lang='lat' dir='ltr'><strong>sehr</strong></span> <span class='ocrx_word' id='word_1_333' title='bbox 906 3269 1004 3329; x_wconf 62' lang='lat' dir='ltr'><strong>nuliam</strong></span> <span class='ocrx_word' id='word_1_334' title='bbox 1023 3269 1063 3321; x_wconf 80' lang='lat' dir='ltr'><strong>ott</strong></span> <span class='ocrx_word' id='word_1_335' title='bbox 1080 3269 1144 3322; x_wconf 85' lang='lat' dir='ltr'><strong>wird</strong></span> <span class='ocrx_word' id='word_1_336' title='bbox 1157 3271 1223 3322; x_wconf 86' lang='lat' dir='ltr'><strong>noch</strong></span> <span class='ocrx_word' id='word_1_337' title='bbox 1237 3271 1346 3321; x_wconf 70' lang='lat' dir='ltr'><strong>mune</strong></span> 
     </span>
     <span class='ocr_line' id='line_1_38' title="bbox 270 3335 1093 3404; baseline 0.002 -16"><span class='ocrx_word' id='word_1_338' title='bbox 270 3338 327 3389; x_wconf 91' lang='lat' dir='ltr'><strong>eine</strong></span> <span class='ocrx_word' id='word_1_339' title='bbox 344 3336 522 3390; x_wconf 87' lang='lat' dir='ltr'><strong>mechanisehe</strong></span> <span class='ocrx_word' id='word_1_340' title='bbox 540 3335 686 3402; x_wconf 74' lang='lat' dir='ltr'><strong>Fertiglreit</strong></span> <span class='ocrx_word' id='word_1_341' title='bbox 830 3336 914 3389; x_wconf 85' lang='lat' dir='ltr'><strong>hinter</strong></span> <span class='ocrx_word' id='word_1_342' title='bbox 929 3340 969 3388; x_wconf 83' lang='lat' dir='ltr'><strong>ita</strong></span> <span class='ocrx_word' id='word_1_343' title='bbox 987 3341 1093 3404; x_wconf 78' lang='lat' dir='ltr'><strong>gesetat.</strong></span> 
     </span>
    </p>

    <p class='ocr_par' dir='ltr' id='par_1_10' title="bbox 269 3403 1347 3674">
     <span class='ocr_line' id='line_1_39' title="bbox 303 3403 1265 3471; baseline 0.002 -16"><span class='ocrx_word' id='word_1_344' title='bbox 303 3420 399 3457; x_wconf 77' lang='lat' dir='ltr'><strong>manue</strong></span> <span class='ocrx_word' id='word_1_345' title='bbox 415 3433 449 3446; x_wconf 82' lang='lat'>-</span> <span class='ocrx_word' id='word_1_346' title='bbox 466 3404 594 3468; x_wconf 75' lang='lat' dir='ltr'><strong>decurrit,</strong></span> <span class='ocrx_word' id='word_1_347' title='bbox 611 3405 663 3470; x_wconf 79' lang='lat' dir='ltr'><strong>vql,</strong></span> <span class='ocrx_word' id='word_1_348' title='bbox 678 3403 729 3456; x_wconf 88' lang='lat' dir='ltr'><strong>Gic.</strong></span> <span class='ocrx_word' id='word_1_349' title='bbox 747 3403 779 3456; x_wconf 89' lang='lat' dir='ltr'><strong>de</strong></span> <span class='ocrx_word' id='word_1_350' title='bbox 864 3405 896 3455; x_wconf 87' lang='lat' dir='ltr'><strong>de</strong></span> <span class='ocrx_word' id='word_1_351' title='bbox 914 3420 966 3470; x_wconf 85' lang='lat' dir='ltr'><strong>qua</strong></span> <span class='ocrx_word' id='word_1_352' title='bbox 983 3433 1018 3444; x_wconf 89' lang='lat'><em>—</em></span> <span class='ocrx_word' id='word_1_353' title='bbox 1034 3419 1132 3471; x_wconf 75' lang='lat' dir='ltr'><strong>manue,</strong></span> <span class='ocrx_word' id='word_1_354' title='bbox 1150 3405 1167 3470; x_wconf 66' lang='grc'><strong>5</strong></span> <span class='ocrx_word' id='word_1_355' title='bbox 1185 3409 1265 3457; x_wconf 75' lang='grc'><strong>5-7.’</strong></span> 
     </span>
     <span class='ocr_line' id='line_1_40' title="bbox 269 3471 1347 3538; baseline 0 -14"><span class='ocrx_word' id='word_1_356' title='bbox 269 3479 334 3526; x_wconf 87' lang='lat' dir='ltr'><strong>orat.</strong></span> <span class='ocrx_word' id='word_1_357' title='bbox 348 3473 377 3537; x_wconf 87' lang='grc'><strong>11,</strong></span> <span class='ocrx_word' id='word_1_358' title='bbox 390 3474 504 3538; x_wconf 79' lang='lat' dir='ltr'><strong>eo,130:</strong></span> <span class='ocrx_word' id='word_1_359' title='bbox 522 3471 614 3538; x_wconf 81' lang='lat' dir='ltr'><strong>Neque</strong></span> <span class='ocrx_word' id='word_1_360' title='bbox 626 3474 703 3536; x_wconf 74' lang='lat' dir='ltr'><strong>naim,</strong></span> <span class='ocrx_word' id='word_1_361' title='bbox 716 3488 779 3538; x_wconf 90' lang='lat' dir='ltr'><strong>quo·</strong></span> <span class='ocrx_word' id='word_1_362' title='bbox 863 3475 893 3523; x_wconf 88' lang='lat' dir='ltr'><strong>in</strong></span> <span class='ocrx_word' id='word_1_363' title='bbox 907 3475 1014 3529; x_wconf 82' lang='lat' dir='ltr'><strong>ratione</strong></span> <span class='ocrx_word' id='word_1_364' title='bbox 1025 3477 1152 3536; x_wconf 67' lang='lat' dir='ltr'><strong>veretur,</strong></span> <span class='ocrx_word' id='word_1_365' title='bbox 1169 3473 1186 3525; x_wconf 92' lang='lat' dir='ltr'><strong>i.</strong></span> <span class='ocrx_word' id='word_1_366' title='bbox 1200 3487 1222 3525; x_wconf 90' lang='lat' dir='ltr'><strong>e.</strong></span> <span class='ocrx_word' id='word_1_367' title='bbox 1235 3476 1347 3525; x_wconf 80' lang='lat' dir='ltr'><strong>ratioree</strong></span> 
     </span>
     <span class='ocr_line' id='line_1_41' title="bbox 270 3539 1006 3604; baseline 0.003 -14"><span class='ocrx_word' id='word_1_368' title='bbox 270 3543 337 3592; x_wconf 65' lang='lat' dir='ltr'><strong>unes</strong></span> <span class='ocrx_word' id='word_1_369' title='bbox 354 3543 461 3591; x_wconf 65' lang='lat' dir='ltr'><strong>cubum</strong></span> <span class='ocrx_word' id='word_1_370' title='bbox 479 3539 591 3604; x_wconf 79' lang='lat' dir='ltr'><strong>aliquod</strong></span> <span class='ocrx_word' id='word_1_371' title='bbox 607 3543 647 3589; x_wconf 80' lang='lat' dir='ltr'><strong>ert</strong></span> <span class='ocrx_word' id='word_1_372' title='bbox 661 3543 778 3591; x_wconf 80' lang='lat' dir='ltr'><strong>scriben-</strong></span> <span class='ocrx_word' id='word_1_373' title='bbox 830 3543 1006 3592; x_wconf 79' lang='lat' dir='ltr'><strong>contineatur.</strong></span> 
     </span>
     <span class='ocr_line' id='line_1_42' title="bbox 269 3607 1346 3674; baseline 0 -16"><span class='ocrx_word' id='word_1_374' title='bbox 269 3609 331 3658; x_wconf 87' lang='lat' dir='ltr'><strong>dum</strong></span> <span class='ocrx_word' id='word_1_375' title='bbox 342 3610 427 3670; x_wconf 62' lang='lat' dir='ltr'><strong>notu,</strong></span> <span class='ocrx_word' id='word_1_376' title='bbox 446 3609 543 3657; x_wconf 80' lang='lat' dir='ltr'><strong>totiena</strong></span> <span class='ocrx_word' id='word_1_377' title='bbox 554 3609 611 3657; x_wconf 79' lang='lat' dir='ltr'><strong>etue</strong></span> <span class='ocrx_word' id='word_1_378' title='bbox 622 3609 696 3658; x_wconf 66' lang='lat' dir='ltr'><strong>nude·</strong></span> <span class='ocrx_word' id='word_1_379' title='bbox 707 3609 776 3658; x_wconf 80' lang='lat' dir='ltr'><strong>litte·</strong></span> <span class='ocrx_word' id='word_1_380' title='bbox 863 3608 1034 3674; x_wconf 81' lang='lat' dir='ltr'><strong>tumultuari,</strong></span> <span class='ocrx_word' id='word_1_381' title='bbox 1052 3609 1104 3674; x_wconf 75' lang='lat' dir='ltr'><strong>vql.</strong></span> <span class='ocrx_word' id='word_1_382' title='bbox 1122 3607 1149 3674; x_wconf 87' lang='lat'><strong>11,</strong></span> <span class='ocrx_word' id='word_1_383' title='bbox 1170 3611 1209 3671; x_wconf 82' lang='lat'><strong>12,</strong></span> <span class='ocrx_word' id='word_1_384' title='bbox 1230 3611 1260 3660; x_wconf 90' lang='lat'><strong>11</strong></span> <span class='ocrx_word' id='word_1_385' title='bbox 1282 3623 1346 3658; x_wconf 83' lang='lat' dir='ltr'><strong>eum</strong></span> 
     </span>
    </p>

    <p class='ocr_par' dir='ltr' id='par_1_11' title="bbox 219 3675 1347 3742">
     <span class='ocr_line' id='line_1_43' title="bbox 219 3675 1347 3742; baseline 0.004 -21"><span class='ocrx_word' id='word_1_386' title='bbox 219 3713 222 3721; x_wconf 92' lang='lat'>.</span> <span class='ocrx_word' id='word_1_387' title='bbox 268 3692 316 3726; x_wconf 86' lang='lat' dir='ltr'><strong>rae</strong></span> <span class='ocrx_word' id='word_1_388' title='bbox 324 3680 386 3726; x_wconf 77' lang='lat' dir='ltr'><strong>nent</strong></span> <span class='ocrx_word' id='word_1_389' title='bbox 398 3677 561 3740; x_wconf 75' lang='lat' dir='ltr'><strong>cogitatione</strong></span> <span class='ocrx_word' id='word_1_390' title='bbox 573 3676 777 3742; x_wconf 78' lang='lat' dir='ltr'><strong>conquirendae,</strong></span> <span class='ocrx_word' id='word_1_391' title='bbox 827 3677 936 3728; x_wconf 77' lang='lat' dir='ltr'><strong>interim</strong></span> <span class='ocrx_word' id='word_1_392' title='bbox 953 3691 1007 3727; x_wconf 91' lang='lat' dir='ltr'><strong>nan</strong></span> <span class='ocrx_word' id='word_1_393' title='bbox 1019 3681 1123 3728; x_wconf 78' lang='lat' dir='ltr'><strong>actores</strong></span> <span class='ocrx_word' id='word_1_394' title='bbox 1139 3676 1218 3727; x_wconf 84' lang='lat' dir='ltr'><strong>modo</strong></span> <span class='ocrx_word' id='word_1_395' title='bbox 1235 3675 1347 3741; x_wconf 80' lang='lat' dir='ltr'><strong>aliquos</strong></span> 
     </span>
    </p>

    <p class='ocr_par' dir='ltr' id='par_1_12' title="bbox 264 3743 1348 4014">
     <span class='ocr_line' id='line_1_44' title="bbox 267 3743 1346 3810; baseline -0.001 -16"><span class='ocrx_word' id='word_1_396' title='bbox 267 3759 316 3794; x_wconf 87' lang='lat' dir='ltr'><strong>nec</strong></span> <span class='ocrx_word' id='word_1_397' title='bbox 342 3745 466 3809; x_wconf 73' lang='lat' dir='ltr'><strong>quotiens</strong></span> <span class='ocrx_word' id='word_1_398' title='bbox 488 3757 567 3794; x_wconf 75' lang='lat' dir='ltr'><strong>cama</strong></span> <span class='ocrx_word' id='word_1_399' title='bbox 595 3743 707 3794; x_wconf 65' lang='lat' dir='ltr'><strong>nemea</strong></span> <span class='ocrx_word' id='word_1_400' title='bbox 731 3748 776 3809; x_wconf 80' lang='lat' dir='ltr'><strong>ert,</strong></span> <span class='ocrx_word' id='word_1_401' title='bbox 828 3746 962 3810; x_wconf 79' lang='lat' dir='ltr'><strong>inuentae,</strong></span> <span class='ocrx_word' id='word_1_402' title='bbox 988 3743 1046 3808; x_wconf 82' lang='lat' dir='ltr'><strong>sed,</strong></span> <span class='ocrx_word' id='word_1_403' title='bbox 1070 3744 1142 3809; x_wconf 86' lang='lat' dir='ltr'><strong>quod</strong></span> <span class='ocrx_word' id='word_1_404' title='bbox 1164 3749 1203 3794; x_wconf 83' lang='lat' dir='ltr'><strong>eet</strong></span> <span class='ocrx_word' id='word_1_405' title='bbox 1225 3747 1346 3810; x_wconf 74' lang='lat' dir='ltr'><strong>turpius,</strong></span> 
     </span>
     <span class='ocr_line' id='line_1_45' title="bbox 267 3810 1347 3878; baseline 0.001 -18"><span class='ocrx_word' id='word_1_406' title='bbox 267 3810 413 3861; x_wconf 80' lang='lat' dir='ltr'><strong>tottemad</strong></span> <span class='ocrx_word' id='word_1_407' title='bbox 423 3812 479 3860; x_wconf 75' lang='lat' dir='ltr'><strong>uus</strong></span> <span class='ocrx_word' id='word_1_408' title='bbox 497 3825 591 3862; x_wconf 75' lang='lat' dir='ltr'><strong>caueae</strong></span> <span class='ocrx_word' id='word_1_409' title='bbox 606 3813 777 3878; x_wconf 74' lang='lat' dir='ltr'><strong>repositaar·</strong></span> <span class='ocrx_word' id='word_1_410' title='bbox 825 3816 1012 3878; x_wconf 75' lang='lat' dir='ltr'><strong>praeceptores</strong></span> <span class='ocrx_word' id='word_1_411' title='bbox 1037 3814 1131 3876; x_wconf 82' lang='lat' dir='ltr'><strong>etiam,</strong></span> <span class='ocrx_word' id='word_1_412' title='bbox 1162 3813 1209 3877; x_wconf 85' lang='lat' dir='ltr'><strong>qui</strong></span> <span class='ocrx_word' id='word_1_413' title='bbox 1235 3813 1347 3862; x_wconf 84' lang='lat' dir='ltr'><strong>brevem</strong></span> 
     </span>
     <span class='ocr_line' id='line_1_46' title="bbox 264 3877 1346 3946; baseline 0 -18"><span class='ocrx_word' id='word_1_414' title='bbox 264 3883 393 3942; x_wconf 79' lang='lat' dir='ltr'><strong>gumenta</strong></span> <span class='ocrx_word' id='word_1_415' title='bbox 409 3877 512 3929; x_wconf 83' lang='lat' dir='ltr'><strong>revolvi</strong></span> <span class='ocrx_word' id='word_1_416' title='bbox 527 3895 576 3931; x_wconf 81' lang='lat' dir='ltr'><strong>noe</strong></span> <span class='ocrx_word' id='word_1_417' title='bbox 595 3884 712 3946; x_wconf 84' lang='lat' dir='ltr'><strong>oportet,</strong></span> <span class='ocrx_word' id='word_1_418' title='bbox 732 3879 779 3930; x_wconf 76' lang='lat' dir='ltr'><strong>aed</strong></span> <span class='ocrx_word' id='word_1_419' title='bbox 829 3879 935 3930; x_wconf 80' lang='lat' dir='ltr'><strong>dicendi</strong></span> <span class='ocrx_word' id='word_1_420' title='bbox 960 3881 1179 3930; x_wconf 53' lang='lat' dir='ltr'><strong>scrutationem</strong></span> <span class='ocrx_word' id='word_1_421' title='bbox 1203 3881 1346 3931; x_wconf 78' lang='lat' dir='ltr'><strong>consecuti</strong></span> 
     </span>
     <span class='ocr_line' id='line_1_47' title="bbox 266 3947 1348 4014; baseline 0.002 -18"><span class='ocrx_word' id='word_1_422' title='bbox 266 3948 363 3997; x_wconf 74' lang='lat' dir='ltr'><strong>nabere</strong></span> <span class='ocrx_word' id='word_1_423' title='bbox 380 3951 465 4000; x_wconf 79' lang='lat' dir='ltr'><strong>certor</strong></span> <span class='ocrx_word' id='word_1_424' title='bbox 483 3947 564 4014; x_wconf 82' lang='lat' dir='ltr'><strong>locor,</strong></span> <span class='ocrx_word' id='word_1_425' title='bbox 587 3950 641 4014; x_wconf 85' lang='lat' dir='ltr'><strong>qut,</strong></span> <span class='ocrx_word' id='word_1_426' title='bbox 661 3952 693 3998; x_wconf 82' lang='lat' dir='ltr'><strong>at</strong></span> <span class='ocrx_word' id='word_1_427' title='bbox 709 3949 778 3998; x_wconf 79' lang='lat' dir='ltr'><strong>titte—</strong></span> <span class='ocrx_word' id='word_1_428' title='bbox 830 3949 924 3998; x_wconf 69' lang='lat' dir='ltr'><strong>mura</strong></span> <span class='ocrx_word' id='word_1_429' title='bbox 947 3949 1066 4014; x_wconf 79' lang='lat' dir='ltr'><strong>ratione,</strong></span> <span class='ocrx_word' id='word_1_430' title='bbox 1088 3952 1120 3998; x_wconf 83' lang='lat' dir='ltr'><strong>ut</strong></span> <span class='ocrx_word' id='word_1_431' title='bbox 1140 3947 1202 3999; x_wconf 81' lang='lat' dir='ltr'><strong>tulit</strong></span> <span class='ocrx_word' id='word_1_432' title='bbox 1217 3950 1348 4014; x_wconf 71' lang='lat' dir='ltr'><strong>impetun,</strong></span> 
     </span>
    </p>
   </div>
   <div class='ocr_carea' id='block_1_5' title="bbox 0 0 1410 4608">
    <p class='ocr_par' dir='ltr' id='par_1_13' title="bbox 0 0 1410 4608">
     <span class='ocr_line' id='line_1_48' title="bbox 0 0 1410 4608; baseline 0 0"><span class='ocrx_word' id='word_1_433' title='bbox 0 0 1410 4608; x_wconf 95' lang='lat' dir='ltr'><strong> </strong></span> 
     </span>
    </p>
   </div>
  </div>
 </body>
</html>
