2796 4608
460 283 567 336 cnrur
585 285 602 337 ι.
622 286 638 352 a
656 289 765 340 ar-aa.
1106 288 1145 346 25

3 445 5 528 J
73 479 149 522 suco
165 469 279 538 potest;
293 476 398 520 verum
412 469 442 520 et
456 459 517 537 ipsa
532 460 575 520 sic
590 470 635 520 cst
648 460 782 538 legenda,
798 470 831 520 ut
841 460 976 536 sciamus,
992 463 1147 542 plerasque

3 537 5 618 J
73 545 269 606 eiusvirtutes
281 544 392 604 oratori
403 562 468 606 esse
480 543 619 606 vitandas.
646 544 763 605 Etenim
777 546 909 624 proxima
921 547 1017 625 poetis
1027 557 1057 608 et
1072 568 1146 627 quo·

72 629 232 691 dammodo
247 645 366 690 carmen
383 628 513 696 solutum
529 639 574 690 est
588 639 617 690 et
631 630 772 690 scribitur
786 631 822 690 ad
838 631 1018 694 narrandum
1034 653 1096 694 non
1111 635 1146 694 ad

4 741 5 758 ¹
71 713 280 794 probandum,
296 722 451 790 totumque
466 731 541 792 opus
556 732 618 774 non
633 714 669 774 ad
684 724 781 776 actum
797 716 841 776 rei
855 734 1045 795 pugnamque
1060 737 1146 796 prae·

4 817 5 822 ¹
71 811 189 861 sentem
213 799 264 859 sed
279 797 314 857 ad
330 797 503 858 memoriam
525 798 705 876 posteritatis
721 809 750 860 ct
770 800 883 878 ingenii
902 803 1009 862 famam
1024 821 1145 881 compo·

4 937 5 942 ,
72 885 173 958 nitur,
190 884 315 960 ideoque
331 891 361 942 et
374 882 472 942 verbis
486 882 695 944 remotioribus
710 893 739 943 et
754 884 941 947 liberioribus
958 887 1061 964 liguris
1077 905 1145 948 nar·

70 969 160 1029 randi
175 967 305 1028 taedium
320 967 415 1026 evitat.
445 966 556 1045 ltaque,
573 967 692 1040 uldini,
709 987 807 1046 neque
822 969 871 1030 illa
887 971 1062 1033 Sallustiana
1078 972 1145 1034 bre·
1167 979 1197 1028 22

69 1054 162 1126 vitas,
192 1070 249 1131 qua
271 1051 345 1112 nihil
366 1051 444 1132 apud
466 1070 552 1112 aures
572 1069 677 1112 vacuas
700 1062 789 1131 atque
811 1055 940 1118 eruditas
961 1067 1146 1134 potestesse

70 1138 248 1217 perfectius,
267 1137 345 1215 apud
360 1146 538 1214 occupatum
551 1136 638 1198 variis
652 1138 881 1217 cogitationibus
895 1140 1022 1202 iudicem
1037 1152 1067 1202 et
1082 1160 1145 1202 sae-

4 1239 5 1252 *
69 1223 141 1302 pius
155 1221 336 1284 ineruditum
352 1221 496 1300 captanda
511 1221 599 1282 nohis
614 1232 673 1297 est3
690 1242 787 1301 neque
802 1224 851 1286 illa
859 1223 931 1284 Livii
946 1225 1038 1288 lactea
1056 1225 1145 1287 uber·

70 1319 117 1368 tas
132 1307 202 1368 satis
216 1306 335 1368 docebit
359 1323 443 1376 eum,
467 1306 518 1383 qui
540 1325 601 1366 non
622 1308 752 1386 speciem
773 1309 964 1388 expositionis
983 1310 1035 1371 sed
1057 1311 1145 1372 fidem

70 1393 198 1470 quaerit.
228 1391 308 1454 Adeo
323 1391 361 1452 bl.
377 1390 491 1452 Tullius
507 1409 546 1450 ne
557 1391 749 1471 Thucydiden
765 1394 884 1471 quidem
899 1403 950 1454 aut
961 1393 1144 1475 Xenophon·
1167 1400 1197 1449 33

68 1487 132 1538 tem
148 1477 234 1538 utiles
249 1476 359 1536 oratori
375 1484 474 1554 putat,
497 1494 676 1554 quamquam
690 1477 775 1538 illum
788 1478 970 1538 bellicum
986 1497 1143 1554 cancre,

68 1562 160 1624 huius
176 1580 227 1622 ore
243 1561 368 1622 Musas
389 1578 474 1622 esee
491 1560 640 1622 locutas
655 1562 810 1624 existimet
839 1562 922 1624 Licet
942 1574 1041 1625 minen
1058 1565 1144 1626 nohis

69 1648 104 1708 in
122 1645 354 1724 digressionibus
369 1645 412 1704 uti
426 1644 472 1704 vel
486 1639 627 1706 historico
649 1665 875 1725 nonnumquam
892 1649 1005 1724 nitore,
1027 1651 1098 1711 dum
1112 1650 1143 1710 in

67 1732 126 1806 his,
142 1732 178 1792 de
193 1730 301 1809 quibus
316 1730 372 1790 erit
387 1729 537 1808 quaestio,
556 1731 787 1806 meminerimus,
804 1751 866 1792 nnn
881 1735 1058 1796 athletarum
1071 1734 1144 1796 toris

67 1818 123 1878 sed
139 1816 262 1877 mihtum
277 1814 394 1875 lacertis
409 1832 480 1894 opus
496 1833 575 1889 esse;
599 1833 655 1875 nec
676 1815 886 1876 versicolorem
901 1819 995 1892 illam,
1013 1838 1070 1897 qua
1084 1820 1142 1880 lle·

106 1935 146 1984 31.
165 1933 260 2014 etipsa
273 1930 375 1982 beaieht
389 1930 444 2011 pich
457 1930 503 1981 aul
512 1931 527 1995 §
540 1931 581 1982 28.
632 1931 692 1996 gula
711 1931 756 1982 aul
771 1935 785 1982 5
805 1933 933 1984 vermehrt
954 1949 1054 1997 waren,
1078 1935 1143 1986 auch

105 2015 184 2065 opas,
217 1998 258 2050 die
279 1997 408 2064 Gallum,
434 1998 582 2062 nicaenus
631 2013 682 2050 von
701 1998 749 2050 den
767 1999 887 2052 Richtern
905 1999 981 2052 hcine
995 2001 1144 2065 jun'stische

67 2069 151 2132 §²⁸³
173 2067 226 2132 vgl.
250 2067 266 2132 ξ
290 2068 331 2118 35.
350 2069 390 2118 bl.
417 2069 457 2119 ct.
481 2067 522 2118 69.
541 2069 581 2117 to.
632 2063 791 2132 Vorbildung
808 2068 925 2134 verlanqt
943 2069 1042 2132 wurde,
1061 2083 1091 2122 eo
1109 2071 1144 2122 iot

67 2137 110 2187 72.
129 2137 169 2187 96.
190 2137 247 2186 123.
265 2135 289 2194 2,
308 2135 349 2186 21.
631 2131 676 2184 der
685 2134 740 2186 hier
752 2135 907 2200 gebrauchte
916 2135 1051 2188 Ausdruclr
1065 2137 1144 2188 leicht

104 2207 181 2253 actus
197 2205 246 2264 rei,
264 2200 434 2266 Verrichtung
449 2201 520 2252 eines
534 2201 582 2252 Ge·
632 2199 775 2254 erkldrlich.
815 2203 862 2256 Bei
883 2203 1065 2256 Privatsachen
1088 2212 1139 2257 ent·

66 2269 446 2336 genstandes,korrespondicrt
455 2269 581 2333 mltinge·
632 2269 720 2321 schied
737 2271 813 2323 meist
831 2272 872 2323 ein
890 2271 1079 2326 llinzelrichter.

65 2341 108 2387 nii
119 2337 229 2400 faniam,
242 2337 283 2389 die
295 2337 385 2389 beiden
399 2337 504 2388 inneren
513 2336 581 2388 Glic-
665 2339 751 2390 laetae
760 2341 876 2402 ubertas,
887 2333 1043 2393 ‘strotnende
1052 2336 1143 2406 Fulle',

66 2405 113 2469 der
124 2405 329 2469 untereinander,
342 2405 394 2471 vgl.
406 2403 579 2471 'l'hnltydides'
631 2405 683 2469 rgl.
703 2405 719 2470 §
735 2409 780 2458 tol
801 2408 853 2458 und
870 2408 897 2470 ll,
911 2412 993 2476 5219:
1013 2423 1061 2473 ego
1075 2411 1142 2474 opti-

65 2472 213 2538 Aulserung
239 2473 303 2524 dher
329 2473 384 2524 sein
408 2469 487 2522 Werk
509 2471 526 2533 1,
546 2474 578 2524 22
630 2487 687 2523 naue
705 2474 811 2538 quidem
829 2481 854 2524 at
870 2477 962 2526 riuum
986 2481 1013 2525 at
1033 2491 1142 2540 smper,

66 2539 155 2606 κτῆμα
170 2533 580 2608 δὲέεάιὶμᾶλλονῆἇγώνισμα
629 2541 677 2590 aad
698 2545 786 2604 tamen
809 2557 900 2592 eorum
925 2543 1142 2593 candidissimum

66 2608 93 2656 dr
101 2605 133 2658 τὸ
143 2608 310 2677 παραχρῆμα
318 2601 426 2659 ἀκούειν
431 2604 578 2677 σύγκειται,
630 2623 759 2674 quemque
771 2613 797 2658 ci
807 2612 924 2659 manime
939 2612 1088 2674 emporitana
1100 2625 1142 2658 ue·

100 2669 579 2740 evitat,einConatus,‘suchtauver·
630 2677 691 2740 lim,
717 2680 749 2726 ui
771 2676 877 2727 Liuium
900 2693 916 2727 a
937 2680 1032 2742 pueris
1055 2679 1142 2742 magia

64 2737 184 2794 melden’.
631 2759 712 2810 qoam
729 2743 895 2796 Sotiatium.

101 2813 142 2863 32.
165 2816 198 2861 ut
219 2811 289 2862 diui.
318 2809 359 2873 lV,
377 2813 401 2873 2,
420 2815 466 2864 ts:
491 2811 581 2875 Quare
663 2814 777 2878 speciem
794 2815 977 2878 repositionis,
995 2804 1082 2863 ‘Glana
1098 2811 1143 2862 der

65 2880 180 2930 uitanda
197 2884 237 2928 est
254 2881 334 2929 etiam
351 2878 400 2928 illc
412 2878 579 2930 Sallmtianu
630 2874 809 2946 Darstellung',
832 2885 1060 2947 entgegeugesetat
1083 2880 1141 2931 dem

63 2948 183 2998 brevitur
199 2949 381 3012 atuor-uphem
394 2950 524 2996 sermonis
532 2963 580 3011 ge·
629 2947 770 2999 Bestreben
791 2964 822 2999 zu
840 2949 1014 3015 hheraeugen;
1039 2947 1141 2999 irhnlich

63 3031 126 3078 nuc,
146 3015 218 3079 quod
234 3018 348 3065 ctionem
364 3012 480 3074 sortasse
499 3016 577 3066 lecto-
630 3016 646 3075 ξ
666 3018 696 3068 31
717 3017 754 3066 ad
770 3018 938 3068 narrandum
955 3031 1010 3068 non
1028 3018 1064 3067 ad
1076 3032 1141 3082 pro-

61 3097 121 3132 rem
133 3086 224 3132 minus
233 3082 321 3146 fatiat,
331 3082 482 3132 audientem
490 3087 578 3133 ham·
628 3084 753 3134 dandum

62 3149 152 3212 notai,
170 3165 232 3216 nec,
250 3151 312 3200 dum
329 3154 469 3214 repetatur
487 3151 580 3212 (wahe
665 3154 705 3203 33.
724 3152 759 3201 Μ.
781 3151 892 3216 dicitius,
912 3151 980 3203 Orat.
1000 3154 1039 3215 12,
1052 3153 1084 3202 39
1103 3151 1141 3201 at-

63 3217 207 3268 scheinlich
221 3219 284 3268 wan
293 3220 473 3283 percipiatur)
485 3233 579 3284 cxpec-
630 3223 671 3268 ior
687 3217 872 3284 (Thucydides)
893 3223 1034 3270 incitatior
1050 3219 1141 3280 scrinea·

62 3289 112 3336 tat.
629 3291 656 3335 et
678 3287 710 3336 de
732 3287 833 3336 bellicis
855 3289 935 3337 robur
960 3289 1035 3338 canii
1059 3289 1140 3337 atium

98 3367 180 3403 carm
196 3367 304 3416 vacuae,
322 3353 367 3404 der
383 3352 526 3418 Gegettsatz
544 3353 579 3404 ist
629 3353 822 3418 quodammodo
833 3353 964 3405 bellicum.
984 3354 1140 3419 11162121-

64 3424 225 3486 occupatum
251 3423 336 3470 uariis
358 3423 577 3484 cogitationibus.
628 3423 773 3488 euphoniis
790 3421 956 3472 uoceMmor
973 3427 1051 3488 quari
1070 3424 1141 3474 loeu-

98 3487 278 3551 inemditum,
316 3482 394 3540 ‘ohne
429 3488 578 3551 juristische
629 3495 669 3540 tus
686 3489 793 3550 serrem:
810 3489 861 3556 vgl.
880 3491 896 3554 ξ
916 3493 956 3542 ta.
976 3492 1017 3543 52.

62 3549 241 3618 llenntnisse’‚
265 3555 409 3622 uberhaupt
431 3555 492 3606 aher
512 3556 576 3607 euch
679 3573 832 3624 numquam,
844 3558 891 3608 mit
903 3558 959 3609 dem
972 3556 1139 3621 llonjunlrtiv,

61 3615 140 3674 ‘ohne
157 3616 286 3690 Bildung',
303 3623 355 3689 rgl.
374 3622 415 3687 tV,
428 3627 452 3687 2,
465 3627 498 3676 45
517 3639 577 3674 cum
629 3641 648 3677 s.
688 3625 815 3692 inleitung
833 3623 859 3676 S.
881 3629 919 3678 14.

61 3717 97 3726 -—
108 3691 225 3741 iudicem
236 3705 304 3740 rura
318 3691 476 3756 plerumque
493 3694 522 3742 in
535 3692 577 3742 cle-
662 3695 825 3744 uthleiarum
834 3721 867 3731 -
877 3694 992 3756 lacertis,
1005 3689 1055 3756 vgl.
1070 3693 1137 3755 577,

62 3760 155 3808 curias
173 3762 290 3811 minant.
325 3757 361 3809 lia
380 3759 430 3810 seit
444 3759 576 3825 Augustus
629 3775 744 3812 wocara
755 3758 1139 3825 ondlacertieinandergegen-

61 3823 108 3874 der
132 3825 208 3877 dritte
226 3824 307 3877 Stand
331 3839 362 3878 uu
386 3827 443 3878 dem
462 3826 578 3879 Richter·
628 3828 797 3893 dbergestellt
815 3829 879 3880 sind.

61 3899 131 3944 amte
153 3893 305 3960 nugelassen
329 3893 380 3946 und
403 3895 445 3946 die
463 3893 579 3946 Richter·
663 3897 849 3946 carucatarum
867 3900 971 3959 uastum,
988 3893 1138 3945 2111111115-

60 3958 190 4012 Dehurien
207 3976 260 4013 vnn
277 3961 330 4012 ihm
349 3963 394 4014 aul
407 3969 431 4027 4,
449 3977 501 4014 von
514 3962 578 4014 Gali·
629 3977 693 4029 rung
714 3965 766 4028 vgl.
786 3962 847 4027 Vlll‚
865 3962 980 4016 Prooem.
1000 3963 1032 4014 20
1051 3967 1139 4013 tranr-
