2796 4608
474 267 582 327 cseuu'
601 275 632 328 v.
650 275 666 342 s
685 278 776 330 e-u.
1119 274 1159 336 73

88 447 190 509 cultas.
214 447 299 521 Quid,
313 450 392 528 quod
403 459 540 512 auctores
551 450 670 512 maximi
681 451 724 514 sic
735 451 904 529 diligentius
916 453 1160 532 cognoscuntur?

88 533 154 594 Non
176 533 255 593 enim
280 535 387 613 scripta
408 534 536 597 lectione
556 554 660 598 secura
680 538 911 598 transcurrimus
930 538 981 600 sed
1001 546 1160 602 tractamus

87 618 203 698 singula
219 627 249 678 et
263 620 430 680 necessario
446 621 667 702 introspicimus
679 631 716 696 et,
733 631 877 701 quantum
892 623 1007 684 virtutis
1022 623 1159 700 habeant,

87 703 133 764 vel
147 705 204 764 hoc
219 703 284 782 ipso
300 705 518 782 cognoscimus,
536 707 615 784 quod
629 706 737 768 imitari
752 727 813 768 non
829 725 995 788 possumus.

172 789 233 848 Nec
248 787 342 848 aliena
357 796 471 849 tantum
486 792 649 851 transferre
664 791 715 852 sed
730 791 816 852 etiam
833 802 932 854 nostra
944 794 1081 873 pluribus
1096 814 1160 856 mo·
1181 803 1197 854 9

86 873 132 934 dis
147 881 275 934 tractare
289 873 436 952 proderit:
457 883 491 938 ut
513 893 548 935 ex
563 874 708 936 industria
728 893 879 938 sumamus
893 880 1056 940 sententias
1071 899 1159 959 quas·

86 958 154 1018 dam
176 975 283 1036 easque
299 976 450 1020 versemus
471 978 558 1038 quam
581 960 832 1034 numerosissime,
857 963 945 1022 velut*
963 965 1064 1026 eadem
1092 984 1159 1026 cera

84 1043 161 1104 aliae
176 1043 307 1122 aliaeque
321 1044 434 1104 formae
449 1044 517 1105 duci
532 1045 637 1106 solent.
667 1045 830 1106 Plurimum
845 1054 941 1107 autem
957 1051 1053 1126 parari
1070 1051 1161 1112 iacul-
1183 1059 1211 1111 10

3 1187 4 1192 ,
83 1127 156 1188 tatis
176 1127 310 1188 existimo
331 1147 367 1188 ex
382 1129 595 1209 simplicissima
617 1147 734 1210 quaque
748 1131 878 1191 materia.
908 1132 981 1192 Nam
997 1134 1160 1197 illa'multi·

83 1213 156 1292 plici
171 1231 375 1292 personarum,
392 1232 556 1289 causarum,
571 1224 749 1295 temporum,
766 1217 910 1290 locorum,
925 1217 1081 1295 dictorum,
1099 1223 1159 1282 lac·

82 1307 186 1358 torum
206 1297 370 1359 diversitate
392 1299 477 1360 facile
498 1301 650 1362 delitescet
669 1301 832 1375 infirmitas,
853 1310 943 1364 totae
964 1305 1097 1384 undique
1112 1325 1159 1367 ro-

82 1382 152 1464 bus,
168 1401 204 1442 ex
220 1382 326 1461 quibus
341 1383 470 1462 aliquam
487 1387 699 1465 adprehendas,
716 1386 919 1450 offerentibus.
955 1388 1029 1450 Illud
1044 1391 1160 1452 virtutis
1182 1399 1209 1450 tt

82 1468 227 1528 indicium
247 1475 299 1541 est,
321 1469 446 1530 fundere
462 1489 537 1549 quae
552 1479 656 1532 natura
671 1480 823 1532 contracta
837 1479 917 1549 sunt,
939 1492 1046 1552 augere
1062 1495 1158 1555 parva,

83 1553 252 1614 varietatem
273 1552 427 1629 similibus,
453 1555 630 1635 voluptatem
655 1557 796 1635 expositis
816 1558 886 1618 dare
907 1569 938 1620 et
959 1559 1037 1622 bene
1060 1561 1158 1622 dicere

83 1638 177 1698 multa
193 1639 229 1700 dc
244 1639 357 1716 paucis.

171 1723 204 1784 ln
231 1723 289 1784 hoc
315 1723 426 1803 optime
447 1725 556 1786 lanient
581 1725 714 1786 infinitae
736 1729 935 1805 quaestiones
963 1749 1034 1809 quas
1060 1731 1158 1791 vocari

84 1808 177 1870 thesis
192 1808 333 1883 diximus,
356 1809 463 1888 quibus
484 1810 585 1872 Cicero
605 1811 662 1870 iam
685 1811 826 1891 princeps
846 1813 876 1873 in
900 1814 1050 1892 republica
1073 1833 1158 1876 exer-

35 1933 39 1940 ·
86 1894 149 1954 ceri
164 1893 286 1954 solebat.
316 1894 370 1955 llis
385 1895 512 1956 confinis
533 1904 578 1956 est
599 1895 759 1958 destructio
781 1906 811 1958 et
831 1897 1016 1957 confirmatio
1037 1908 1159 1960 senten·
1181 1908 1211 1964 12

83 1979 201 2039 tiarum.
228 1979 300 2039 Nam
314 1997 381 2039 cum
393 1980 431 2040 sit
441 1981 586 2041 sententia
599 1980 748 2042 decretum
763 1982 907 2061 quoddam
920 1991 1006 2060 atque
1018 2000 1160 2063 praecep·
1240 1989 1242 1994 '

85 2073 164 2124 tum:
186 2063 264 2142 quod
293 2064 329 2124 de
350 2083 382 2124 re
403 2064 479 2125 idem
501 2065 536 2126 de
556 2065 664 2126 iudicio
684 2067 728 2127 rei
744 2065 846 2145 quaeri
867 2074 973 2146 potest.
1003 2066 1079 2127 Tum
1102 2068 1160 2129 loci

83 2182 194 2231 ratione
206 2197 265 2231 cum
277 2179 370 2245 aliqua
383 2181 491 2232 dicendi
498 2183 599 2233 uirtute
651 2185 870 2248 quaestiones
885 2184 1102 2235 uniuersales
1115 2187 1160 2236 ei-

85 2249 246 2310 delleetttur.
649 2251 749 2314 uites,
762 2250 812 2301 alii
821 2255 1039 2316 quaestiones
1046 2255 1108 2320 plui
1114 2253 1161 2304 lc·

121 2321 277 2382 tractamus,
295 2332 315 2368 s.
336 2320 359 2381 1,
381 2319 418 2370 19.
649 2321 751 2385 sopita
782 2322 1044 2384 conuenientes,
1079 2323 1160 2374 Attea-

121 2386 145 2436 9.
164 2385 235 2439 aliae
248 2386 378 2449 aliaeque,
396 2383 477 2436 findet
489 2385 543 2436 sich
556 2385 597 2436 bei
649 2403 732 2438 naeus
748 2391 877 2452 partam
896 2403 1022 2440 causae
1034 2391 1160 2456 appellat.

85 2451 598 2512 Quintnurhierstattdesbeiilrmsehr
648 2455 797 2519 Hergeuus
805 2454 1161 2508 &recaedenttaetaotioac

85 2519 284 2586 gewdbnlichen
297 2521 368 2571 aliae
380 2525 460 2586 atqua
472 2521 551 2586 aliae,
563 2521 597 2572 ist
647 2523 800 2585 distinguit,
811 2526 843 2571 ut
851 2525 888 2572 sit
896 2527 1033 2590 scientiae,
1044 2520 1090 2576 ‘au
1098 2541 1161 2590 prc-

85 2589 148 2640 aber
165 2587 235 2640 nicht
253 2588 445 2656 spracbwidrig,
463 2589 514 2656 vgl.
531 2589 597 2641 Cels.
648 2589 767 2640 videntia
776 2585 1027 2655 mundmregaturss
1037 2595 1161 2659 actione,

2 2694 4 2698 -
84 2656 124 2720 ΙΙΙ,
143 2659 167 2721 3,
185 2661 248 2709 extr.
266 2657 355 2718 febres
371 2685 405 2696 -
428 2657 498 2708 attae
516 2659 598 2708 aliae
648 2650 693 2708 ‘aa
711 2657 888 2707 accedendum
912 2659 949 2709 ad
968 2660 1161 2726 reanpudlieam

85 2741 137 2790 quc
153 2726 265 2776 subinde
283 2729 420 2777 oriuntur.
649 2719 907 2777 administrandam.

120 2793 192 2856 duci,
208 2794 260 2859 vgl.
279 2796 303 2860 3,
323 2796 362 2847 18.
380 2794 447 2858 11,t‚
462 2796 490 2844 t:
507 2795 532 2842 si
543 2809 598 2844 acu
685 2793 784 2850 Cicero.
801 2793 902 2845 schrieb
920 2794 956 2845 im
973 2793 997 2846 J.
1007 2797 1039 2848 49
1057 2811 1083 2847 v.
1102 2796 1160 2848 Chr.

84 2863 119 2912 ab
132 2864 213 2912 tuitio
226 2867 330 2913 tenuem
342 2865 455 2912 nimium
472 2861 598 2912 laminam
650 2861 682 2913 ad
693 2862 746 2913 stt.
758 2859 799 2925 ΙΙΙ,
809 2865 839 2914 i:
857 2860 899 2913 Na
914 2877 958 2914 me
974 2868 1060 2914 tatum
1072 2869 1161 2930 negri-

84 2929 252 2982 dumcrimus.
651 2931 740 2980 tudini
757 2929 978 2997 decemremem
995 2934 1063 2983 milti
1080 2949 1160 2999 quas·

118 2991 597 3064 ll.ceperitis,‘gewibulicb‘‚‘alltdg·
649 2999 711 3049 dam
729 3001 864 3064 tamquam
875 2997 974 3051 dissue.
1004 3000 1040 3052 ib.
1053 3003 1081 3053 9:
1100 3000 1162 3054 θέ-

82 3061 155 3116 liclr':
168 3065 192 3116 in
205 3066 289 3118 dieser
300 3065 452 3132 Bedeutuug
463 3065 542 3117 diters
555 3065 597 3117 bei
648 3081 719 3117 cess
729 3081 801 3116 meas
811 3071 986 3120 commentari
994 3085 1049 3120 nou
1060 3070 1160 3125 desine.

85 3132 225 3200 Spiterem
240 3149 269 3186 so
284 3133 370 3187 iuven.
382 3132 435 3185 Sat.
447 3137 470 3196 i,
481 3136 596 3186 53-55:
647 3133 750 3186 Hierbin
774 3133 841 3186 kann
864 3152 922 3188 man
941 3137 1006 3190 auch
1025 3137 1066 3190 dic
1084 3137 1160 3190 Pura-

3 3213 4 3216 ’
84 3201 141 3254 Sed
156 3207 241 3252 uatem
259 3204 411 3268 egregium,
430 3203 475 3252 oui
491 3217 545 3252 nau
562 3203 599 3251 sit
648 3201 712 3254 doxa
734 3203 855 3257 rechnen.

78 3269 194 3336 publica
206 3285 280 3333 uena,
300 3270 352 3334 Qui
362 3269 434 3320 uidit
447 3271 597 3334 sepositum
641 3303 644 3306 -
684 3272 723 3322 12.
742 3271 864 3337 confinis,
881 3273 907 3324 in
916 3272 962 3324 der
972 3273 1159 3338 ubertrageuen

82 3337 171 3388 soleat
183 3337 318 3403 deducere,
334 3353 384 3388 neo
399 3339 446 3402 qui
459 3337 598 3388 dommum
647 3336 799 3405 Bedeutnng
817 3340 888 3392 nicht
905 3341 946 3392 bei
966 3341 1061 3394 Cicero.

81 3403 169 3466 feriat
185 3421 293 3457 carmen
310 3406 416 3456 triviale
432 3409 549 3456 moneta.
682 3406 1073 3460 destructio-sententiarum.
1099 3407 1158 3476 Vgl.

119 3475 149 3523 iu
178 3475 244 3540 loe,
272 3489 317 3525 zur
343 3472 523 3538 Beaeicbnuug
552 3471 597 3525 des
647 3473 778 3538 11,4,18:
797 3475 1159 3528 Narratiouidusnauiuu-

82 3539 210 3593 zweekes
228 3541 289 3594 oder
306 3541 401 3601 Zieles;
423 3541 476 3608 vql.
495 3543 518 3605 2,
530 3544 562 3594 ’5.
648 3543 734 3594 taliter
741 3545 916 3610 subiungitur
927 3561 994 3611 opus
1003 3545 1160 3595 destruendi

3 3669 4 3672 Ἴ
118 3608 411 3671 infinitae-diximus.
423 3609 476 3675 vql.
486 3608 525 3674 ΙΙΙ,
536 3613 596 3673 5,5:
648 3610 878 3678 confirmandique
906 3629 962 3678 eas,
992 3612 1065 3678 quad
1092 3605 1159 3662 dva-

82 3676 213 3740 Iufim'tac
223 3683 293 3742 mut,
311 3679 496 3744 quaercmatis
506 3693 594 3742 perso·
647 3676 728 3743 σκευή
746 3684 773 3730 et
788 3677 940 3744 κατασκευή
956 3685 1077 3730 vocatur.
1112 3677 1158 3732 bie

81 3748 127 3796 nis
137 3749 163 3796 at
172 3748 332 3812 temporibus
342 3750 369 3796 at
378 3747 443 3796 locis
452 3748 598 3812 armisque
648 3745 817 3813 Bebandluug
826 3747 1021 3812 derlirzibluug
1031 3746 1095 3798 wird
1105 3747 1160 3800 hier

81 3814 218 3866 similibus
225 3817 255 3864 iu
265 3817 517 3880 utramquepartem
527 3818 597 3866 trac·
649 3813 694 3866 aui
711 3813 753 3867 die
765 3815 979 3882 Richtersprr'rcbe
995 3815 1159 3882 dbertrageu.

83 3885 193 3948 tanate,
224 3883 296 3950 quad
325 3883 420 3934 Gracci
448 3878 532 3932 atara
558 3883 597 3933 di·
645 3935 649 3940 ,
683 3882 736 3933 loct
754 3898 911 3934 communes.
947 3882 1005 3952 ugr.
1023 3883 1052 3951 ll,
1070 3887 1095 3950 4,
1114 3887 1158 3938 22:

82 3955 159 4014 eunt,
179 3951 291 4003 Cicero
308 3953 535 4018 propositum,
548 3950 598 4002 atii
649 3950 680 4002 dc
697 3953 734 4002 iis
752 3951 855 4017 loquar,
873 3953 970 4017 quibus
988 3955 1059 4005 eitra
1070 3969 1160 4020 perso·
