2796 4608
261 319 303 379 54
626 319 733 373 curun
751 319 768 373 r.
787 319 804 388 e
826 323 967 375 rea-teo.

261 495 454 576 paucissimos
476 493 571 554 adhuc
594 492 767 572 eloquentes
782 493 895 554 litterae
910 493 1060 561 Romanae
1079 491 1220 553 tulerunt.
1251 492 1332 552 ldem

261 581 352 660 igitur
366 579 403 640 ll.
419 578 586 652 Tullius,
610 577 660 656 qui
675 578 794 656 ubique,
811 579 898 640 etiam
913 579 943 639 in
959 579 1016 638 hoc
1032 595 1121 658 opere
1137 575 1268 638 Platonis
1283 595 1333 636 ae-

261 665 359 728 mulus
372 664 476 725 extitit.
506 662 651 742 Egregius
664 681 734 723 vero
745 663 898 742 multoque
910 681 997 742 quam
1009 663 1040 723 in
1052 661 1236 724 orationihus
1246 679 1333 742 prae-

262 750 387 812 stantior
402 749 544 809 Brutus
559 749 675 810 suffecit
689 748 814 828 ponderi
829 765 929 809 rerum
938 767 947 825 ;
962 748 1037 810 scias
1048 765 1114 809 eum
1131 747 1241 808 sentire
1257 765 1332 825 quae

211 835 342 898 indicit.
372 833 496 914 Scripsit
511 853 571 894 non
587 851 692 914 parum
706 833 797 894 multa
818 833 1025 894 Cornelius
1046 833 1194 906 Celsus,
1216 832 1334 902 Sextios

262 928 391 994 secutus,
413 937 475 980 non
497 919 562 980 sine
584 919 664 980 cultu
685 937 720 979 ac
741 919 848 980 nitore.
878 919 1038 979 Plautus
1060 918 1090 979 in
1111 917 1218 978 Stoicis
1232 935 1333 978 rerum

263 1004 427 1084 cognitioni
442 1001 532 1065 utilis.
562 1003 596 1065 ln
612 1004 767 1084 Epicureis
781 1004 852 1064 levis
867 1003 984 1082 quidem
1007 1004 1057 1064 sed
1074 1021 1135 1064 non
1151 1002 1333 1064 iniucundus

211 1101 253 1153 tte
262 1099 360 1152 tamen
375 1098 478 1150 auctor
494 1095 537 1150 est
553 1088 691 1150 Catius.
721 1088 765 1148 Ex
780 1089 924 1149 industria
939 1089 1121 1149 Senecam
1137 1088 1167 1148 in
1185 1088 1265 1148 omni
1280 1107 1333 1167 ge-

262 1192 335 1236 nere
350 1174 536 1254 eloquentiae
552 1173 651 1242 distuli
666 1181 789 1252 propter
802 1173 946 1251 vulgatam
958 1171 1031 1232 falso
1043 1174 1079 1233 de
1091 1191 1138 1234 me
1150 1173 1333 1251 opinionem,

263 1277 321 1340 qua
336 1260 477 1320 damnare
493 1277 559 1320 eum
572 1267 601 1320 et
612 1259 739 1318 invisum
751 1275 869 1335 quoque
881 1255 991 1316 hahere
1004 1275 1069 1317 sum
1080 1257 1219 1318 creditus.
1246 1257 1334 1328 Quod

262 1345 367 1406 accidit
387 1344 474 1417 mihi,
496 1345 565 1404 dum
589 1351 763 1420 corruptum
784 1352 813 1400 et
832 1339 970 1402 omnibus
984 1341 1060 1402 vitiis
1075 1343 1199 1401 fractum
1215 1341 1334 1403 dicendi

260 1449 356 1510 genus
370 1447 509 1490 revocare
525 1427 560 1488 ad
574 1427 721 1489 severiora
736 1425 841 1486 iudicia
857 1425 1016 1486 contendo.
1047 1425 1124 1486 Tum
1139 1433 1237 1486 autem
1252 1427 1336 1488 solus

209 1515 382 1576 naticlero
400 1514 430 1574 in
449 1512 587 1573 manibus
598 1511 831 1572 adulescentium
842 1511 905 1572 luit.
936 1509 1030 1581 Quem
1043 1529 1105 1572 non
1120 1510 1258 1588 equidem
1269 1531 1338 1570 om·

261 1601 332 1661 nino
344 1598 475 1660 conabar
486 1605 623 1657 excutere
634 1595 686 1657 sed
697 1595 864 1676 potioribus
874 1595 1017 1675 praeferri
1029 1613 1090 1657 non
1103 1593 1245 1669 sinebam,
1258 1613 1336 1673 quos

260 1685 309 1745 ille
330 1703 392 1744 non
413 1681 564 1743 destiterat
582 1681 742 1756 incessere,
764 1699 831 1742 oum
854 1681 960 1743 diversi
982 1680 1039 1742 eibi
1061 1680 1199 1741 conscius
1214 1682 1336 1757 generis

260 1769 378 1848 placere
400 1786 432 1828 se
456 1765 634 1828 indicendo
659 1785 762 1846 posse,
789 1765 896 1846 quibus
918 1765 959 1826 illi
981 1765 1150 1844 placerent,
1176 1763 1334 1826 diffideret.

260 1853 406 1914 Amabant
421 1859 521 1912 autem
536 1869 604 1912 eum
618 1851 711 1932 magis
726 1869 813 1932 quam
830 1849 1030 1924 imitabantur,
1053 1857 1229 1928 tantumque
1245 1849 1281 1910 ah
1298 1871 1334 1911 eo

98 1991 99 1995 ,
211 1947 252 1999 tlt
264 1938 433 2000 delluehant
444 1945 589 2014 quantum
600 1937 651 1997 ille
662 1937 698 1997 ah
711 1937 839 2015 antiquis
852 1936 1054 1997 descenderat.
1085 1935 1175 1996 lloret
1188 1933 1266 1994 enim
1279 1953 1335 2015 op-

261 2024 392 2096 tandum,
414 2039 500 2102 pares
523 2030 574 2082 aut
596 2022 699 2083 saltem
713 2022 864 2101 proximos
887 2021 930 2082 illi
944 2021 1007 2081 viro
1023 2020 1096 2080 fleri.
1128 2020 1185 2081 Sed
1200 2018 1334 2098 placebat

262 2115 385 2188 propter
399 2106 461 2167 sola
475 2107 552 2180 vitia,
568 2115 597 2166 et
612 2107 647 2167 ad
663 2125 743 2194 ease
765 2107 891 2186 quisque
906 2103 1050 2184 dirigebat
1064 2105 1242 2184 effingenda,
1258 2123 1334 2184 quae

261 2199 392 2272 poterat;
408 2191 514 2252 deinde
530 2209 598 2252 cum
609 2211 641 2252 se
652 2191 777 2252 iactaret
787 2193 891 2252 eodem
902 2190 990 2252 modo
1003 2190 1110 2264 dicere,
1127 2190 1270 2250 Senecam
1286 2191 1334 2252 in-

209 2287 252 2338 128
261 2273 397 2336 lemahat.
427 2275 517 2337 Cuius
532 2284 561 2336 et
575 2277 684 2337 multae
698 2277 808 2355 alioqui
822 2285 853 2337 et
865 2291 988 2354 magnae
1003 2276 1125 2336 virtutes
1140 2277 1271 2352 luerunt,
1287 2277 1335 2337 in-

260 2361 380 2440 genium
402 2361 487 2422 facile
508 2369 537 2421 et
561 2361 723 2441 copiosum,
745 2361 906 2441 plurimum
928 2360 1025 2434 studii,
1041 2360 1132 2420 multa
1147 2377 1248 2421 rernm
1264 2379 1335 2442 cog·

261 2445 351 2522 nitio;
366 2445 397 2506 in
410 2463 467 2526 qua
478 2453 577 2507 tamen
590 2446 747 2526 aliquando
759 2447 795 2507 ab
810 2446 865 2522 his,
881 2445 989 2525 quibus
1000 2445 1178 2524 inquirenda
1191 2447 1334 2523 quaedam

259 2531 426 2608 mandabat,
448 2531 589 2610 deeeptus
604 2540 656 2593 est.
687 2531 833 2592 Tractavit
853 2531 940 2592 etiam
956 2548 1075 2590 omnem
1090 2532 1152 2592 lere
1167 2529 1336 2592 studiorum

208 2626 250 2678 129
258 2617 420 2679 materiam.
449 2617 522 2677 Nam
539 2625 568 2677 et
583 2617 733 2678 orationes
749 2617 812 2678 eius
829 2623 1008 2696 etpocmata
1024 2624 1053 2674 et
1068 2615 1208 2694 epistolae
1228 2625 1258 2676 et
1270 2616 1336 2676 dia-

260 2703 320 2782 logi
342 2705 489 2763 feruntur.
525 2702 560 2762 ln
581 2701 768 2780 philosophia
789 2719 895 2781 parurn
916 2700 1050 2778 diligens,
1073 2699 1209 2780 egregius
1234 2709 1335 2762 tamen

260 2787 397 2848 vitiorum
409 2787 570 2848 insectator
580 2786 644 2847 luit.
673 2787 781 2849 Multae
792 2787 822 2848 in
835 2805 870 2848 eo
883 2786 1038 2862 claraeque
1050 2785 1224 2861 sententiae,
1242 2786 1337 2848 multa

296 2903 353 2955 123.
371 2905 419 2967 qui
434 2905 541 2968 ulique,
556 2901 609 2966 egl.
628 2901 644 2968 ξ
664 2905 720 2956 108.
859 2899 982 2966 Plautus,
999 2899 1044 2951 der
1061 2899 1141 2952 Neme
1158 2901 1192 2952 ist
1209 2902 1337 2954 unsieher.

295 2971 406 3034 Brutus,
423 2969 476 3034 vgl.
494 2971 510 3033 ᾖ
529 2971 570 3021 23.
730 2977 735 2986 ·
860 2968 958 3030 Cetius,
976 2967 1141 3032 Zeitgenosse
1159 2969 1276 3035 Ciceros,
1295 2971 1337 3022 ein

298 3039 354 3089 124.
371 3051 427 3087 mon
443 3051 541 3102 parum
552 3037 646 3092 multa.
672 3038 773 3090 Ebenso
824 3035 940 3088 lnsuhrer
957 3049 1009 3086 von
1027 3033 1130 3094 Gehurt.

262 3103 303 3168 Vl,
323 3107 346 3169 2,
365 3107 393 3164 33
418 3104 489 3170 eine,
512 3105 595 3158 ausser
615 3107 657 3158 hei
676 3106 772 3171 Cicero,
860 3105 916 3154 tto.
936 3102 1046 3168 Seneca,
1063 3103 1089 3154 L.
1108 3104 1240 3170 Annaeus,
1266 3105 1338 3158 Sohn

262 3172 334 3224 nicht
352 3171 449 3224 seltene
467 3171 571 3226 litotes.
824 3171 869 3223 des
893 3169 990 3222 Rhetor
1011 3172 1131 3224 Annaeus
1155 3172 1265 3237 Seneca,
1293 3189 1339 3240 ge-

297 3239 435 3292 dornaliue
448 3239 593 3307 delsuath,
606 3241 771 3307 Zeitgenosee
822 3239 901 3292 boren
920 3253 952 3290 au
970 3239 1086 3290 Corduba
1108 3240 1134 3291 in
1153 3239 1265 3306 Spanien
1293 3257 1338 3294 urn

161 3306 163 3314 '
262 3309 308 3360 des
326 3306 450 3372 Tiberius,
473 3311 514 3361 ein
531 3309 679 3362 berithmter
696 3307 774 3374 Poly·
826 3309 884 3360 en.
903 3307 959 3360 Ghr.
981 3308 1120 3373 gestorhen
1139 3311 1179 3374 65,
1203 3324 1223 3360 s.
1243 3309 1339 3362 Einlei·

262 3376 359 3437 histem
377 3391 428 3428 von
446 3377 533 3429 seinen
547 3375 676 3428 Schriften
692 3376 726 3426 ist
738 3374 774 3425 al·
825 3379 889 3440 tung
907 3373 933 3427 S.
953 3377 992 3428 12.

262 3445 315 3496 lein
327 3444 393 3498 noch
406 3446 438 3496 de
449 3463 480 3496 re
491 3445 595 3496 medica
605 3443 688 3508 dhrig.
715 3441 774 3509 Vgl.
859 3449 1023 3509 comptum,
1041 3437 1238 3496 ‘versehroheo'.

263 3513 280 3580 q
299 3515 339 3566 23.
861 3512 917 3562 127.
929 3512 1015 3563 Feret
1025 3541 1060 3549 -
1073 3512 1224 3577 optandum.
1243 3511 1272 3564 ln
1285 3512 1338 3565 die

297 3579 414 3634 Sextios.
443 3581 514 3633 Zwei
526 3578 615 3642 Sextii,
632 3575 711 3628 Vuter
722 3577 775 3630 und
826 3593 867 3630 ser
884 3577 1020 3645 Wendnng
1038 3579 1101 3646 liegt
1119 3579 1176 3631 eine
1193 3579 1261 3632 hehe
1274 3580 1338 3634 hlei-

263 3648 343 3712 Sohn,
360 3649 544 3716 Zeitgenossen
565 3646 611 3698 des
629 3645 706 3697 Gisar
722 3645 774 3698 und
825 3659 896 3712 nung
913 3647 958 3698 des
970 3647 1055 3708 Quint.
1072 3662 1132 3699 vom
1145 3646 1250 3712 Seneca,
1269 3649 1339 3702 denn

263 3717 403 3782 Augustus,
421 3716 558 3781 Anhdnger
569 3714 614 3766 der
626 3713 775 3781 pythagori·
826 3713 871 3766 das
888 3713 923 3766 lm
943 3715 987 3767 erl.
1006 3715 1077 3767 Geni.
1095 3715 1257 3782 bezeichnet,
1282 3717 1339 3770 (lass

264 3785 343 3836 sehen
363 3784 456 3848 Lehre,
482 3799 534 3834 von
558 3782 639 3834 denen
668 3787 775 3834 ersterer
826 3797 853 3834 er
865 3781 906 3834 die
916 3729 1050 3848 Srlullung
1058 3783 1129 3836 eines
1141 3783 1246 3836 solchen
1256 3783 1339 3838 Wun-

265 3867 297 3903 zo
320 3853 402 3905 seiner
420 3852 475 3904 Zeit
495 3853 522 3902 in
545 3851 638 3904 hohem
655 3849 774 3904 Ansehen
826 3849 901 3902 sches
918 3850 985 3903 doch
1003 3851 1043 3902 itu
1060 3851 1131 3904 nicht
1142 3852 1255 3918 meglieh
1268 3854 1339 3914 hilm

263 3920 348 3972 stand.
826 3917 928 3970 ihnlich
944 3919 1023 3970 uelles
1040 3917 1056 3986 ἦ
1077 3922 1132 3973 130.

301 3989 572 4053 sollemniores.
591 3987 607 4053 ξ
626 3989 651 4041 9.
862 3988 917 4038 129.
946 3989 1080 4038 orationes
1102 4017 1134 4026 -
1155 3993 1281 4052 pomam
1305 4019 1340 4027 -
