2796 4608
257 300 298 362 te
633 301 739 354 curor
758 302 784 354 u.
803 303 818 367 s
839 303 947 356 ta-ro.

258 481 338 542 hona
360 485 409 538 aut
430 477 599 553 maiomam
615 493 670 555 per
684 493 716 536 se
730 475 796 536 soni
811 482 927 536 tautum
941 479 1022 544 sunt)
1037 474 1087 536 sed
1113 483 1203 554 prout
1218 493 1335 556 oppor-

258 576 333 626 tune
353 562 533 642 proprieque
553 569 604 623 aut
625 577 710 622 secus
733 559 887 621 conlocata
908 568 993 635 suut3
1021 567 1051 620 et
1070 560 1245 640 compositio
1262 579 1333 623 cum

259 649 347 711 rebus
361 647 580 708 accommodata
594 647 632 707 sit
645 653 709 706 tum
725 646 786 724 ipsa
800 645 938 706 variemte
953 644 1123 724 gratissima.
1385 643 1386 712 i

209 739 237 790 tt
344 733 532 812 Quapropter
551 730 734 792 exactissimo
754 729 862 792 iudicio
886 729 963 790 circa
984 729 1059 790 hanc
1079 739 1194 809 partem
1216 733 1332 793 studio·
1385 751 1386 778 i

260 837 327 882 rum
342 815 535 878 examinanda
549 824 620 878 sunt
635 815 748 876 omnia:
764 815 902 894 primum,
919 832 994 894 quos
1006 815 1164 888 imitemur,
1180 835 1250 877 uam
1261 827 1333 878 suut

259 903 388 985 plurimi,
404 903 454 980 qui
465 901 684 964 similitudinem
697 901 816 980 pessimi
828 901 971 978 cuiusque
983 908 1013 960 et
1028 901 1242 979 corruptissimi
1258 921 1333 964 con-

260 987 422 1067 cupierint3
448 995 509 1048 tum
525 987 554 1047 in
572 985 657 1066 ipsis,
673 1005 749 1064 quos
764 985 954 1064 elegerimus,
972 983 1042 1064 qaid
1057 985 1110 1055 sit,
1128 986 1166 1047 ad
1180 987 1260 1064 quod
1276 1007 1334 1050 uos

211 1077 238 1128 1⁵
261 1073 448 1134 efficiendum
470 1089 684 1152 comparemus.
724 1071 797 1131 Nam
825 1069 855 1130 in
883 1070 997 1149 maguis
1019 1087 1138 1149 quoque
1159 1072 1332 1134 auctoribus

260 1158 396 1220 incidunt
410 1157 506 1237 aliqua
520 1157 624 1218 vitiosa
640 1165 669 1216 et
684 1175 700 1215 a
715 1154 809 1215 doctis
821 1153 899 1215 inter
914 1155 995 1234 ipsos
1006 1155 1093 1216 etiam
1109 1163 1213 1217 mutuo
1228 1175 1333 1236 repre-

261 1244 369 1318 hensa;
383 1251 471 1322 atque
486 1241 599 1303 utinam
614 1251 673 1301 tam
697 1240 776 1302 hona
797 1239 944 1300 imitantes
966 1239 1099 1302 dicerent
1118 1241 1224 1302 melius
1244 1261 1333 1321 quam

261 1329 334 1389 maia
350 1328 435 1408 peius
450 1327 563 1388 dicunt.
593 1326 654 1386 Neo
675 1343 745 1386 vero
760 1323 863 1386 saltem
877 1323 921 1398 iis,
944 1325 1051 1404 quibus
1065 1325 1100 1385 ad
1115 1326 1249 1386 evitanda
1264 1328 1334 1388 vitia
1386 1377 1387 1404 ,

261 1414 360 1476 iudicii
375 1413 523 1484 satisfuit,
539 1411 666 1472 suss'reiat
680 1410 839 1490 imaginem
850 1409 966 1470 virtutis
981 1410 1124 1489 effingere
1139 1419 1169 1471 et.
1183 1412 1283 1486 solam,
1300 1421 1336 1473 ut

261 1503 303 1562 ita
317 1499 451 1572 dixerim,
467 1505 564 1557 cutem
580 1496 626 1556 vel
640 1495 739 1574 potius
750 1494 813 1556 ilias
824 1493 946 1574 Epicuri
958 1495 1074 1572 figuras,
1091 1513 1163 1575 quas
1179 1514 1195 1556 e
1211 1498 1335 1558 summis

211 1585 241 1636 16
262 1582 439 1664 corporibus
454 1581 524 1642 dicit
539 1581 670 1642 effluere.
701 1581 764 1642 Hoc
774 1588 873 1641 autern
891 1580 937 1641 his
952 1581 1066 1654 accidit,
1083 1582 1133 1660 qai
1155 1599 1216 1642 non
1238 1581 1335 1642 iutro-

260 1668 367 1748 speotis
379 1667 498 1745 penitus
512 1666 669 1727 virtutibus
680 1667 716 1726 ad
728 1666 857 1745 primurn
872 1683 904 1726 so
915 1665 995 1726 velut
1006 1665 1176 1745 adspectum
1192 1667 1334 1728 orationis

261 1760 415 1832 aptarunt3
438 1761 467 1812 et
482 1768 548 1812 cum
563 1751 599 1812 iis
615 1751 782 1813 felicissime
797 1751 885 1812 cessit
899 1750 1036 1811 imitatio:
1061 1750 1157 1812 verbis
1172 1759 1259 1830 atque
1274 1771 1331 1814 nu-

261 1839 350 1899 meris
364 1845 435 1899 sunt
447 1855 507 1898 uon
521 1837 645 1898 multum
657 1837 836 1908 differentes,
852 1835 909 1896 vim
920 1835 1038 1896 dicendi
1053 1843 1140 1915 atque
1152 1835 1334 1898 inventionis

262 1942 323 1986 non
340 1923 553 2001 adsequuntur,
568 1921 619 1984 sed
635 1922 810 2002 plerumque
825 1920 976 1981 declinant
990 1921 1021 1980 iu
1043 1921 1128 1999 peius
1150 1929 1179 1982 et
1200 1922 1334 2000 proxima
1387 1935 1388 1998 t

261 2007 418 2070 virtutibus
438 2008 505 2068 vitia
528 2005 785 2086 comprehendunt
806 2005 942 2083 fiuntque
963 2024 1018 2084 pro
1039 2004 1201 2084 grandibus
1220 2007 1334 2082 tumidi,
1387 2001 1388 2032 ³

262 2093 371 2174 pressis
391 2092 490 2166 exiles,
506 2092 632 2153 fortibus
645 2090 811 2164 tememrii,
834 2090 916 2151 laetis
937 2091 1080 2170 corrupti,
1096 2091 1269 2170 compositis
1283 2111 1335 2153 cx-

263 2209 360 2260 lativen
381 2208 407 2258 in
430 2207 471 2259 die
489 2207 687 2260 demonstrative
706 2205 775 2258 Korr-
860 2210 891 2256 ut
907 2233 941 2243 —
959 2207 1074 2257 dixerim
1091 2207 1143 2274 vgl.
1161 2223 1192 2259 zu
1214 2211 1235 2272 t,
1255 2211 1297 2261 Π.

265 2274 402 2338 struirtiou,
420 2275 470 2327 wie
488 2289 516 2327 er
524 2275 587 2339 ,sich
603 2275 630 2325 in
646 2273 775 2340 zweiglie-
860 2274 1090 2339 Epieortfigurss.
1108 2275 1157 2327 Zur
1166 2273 1336 2344 Eritiuterung

263 2343 303 2396 dri
323 2357 355 2396 eu
366 2342 557 2396 Relatirsiitaen
576 2341 614 2396 oit
632 2343 674 2394 bei
687 2342 774 2396 Cicero
826 2341 871 2394 der
898 2341 953 2394 hier
970 2343 1119 2396 erwihuteu
1141 2343 1335 2398 atomistiechen

183 2439 185 2444 ·
235 2358 352 2464 ‹findet
742 2407 744 2411 ’
826 2408 992 2477 Vorstelluug
1006 2409 1116 2477 Epikurs
1133 2411 1185 2478 vgl.
1202 2412 1336 2476 Laureae,

299 2477 774 2544 conlocata,inahgeschwdchterBe-
826 2479 872 2530 48:
890 2477 958 2530 Dico
976 2482 1062 2544 igitur
1073 2495 1164 2530 reram
1177 2479 1285 2546 effigias
1300 2486 1338 2532 te·
1388 2497 1389 2520 ἢ

264 2547 380 2614 deutung
405 2545 481 2600 kaurn
505 2552 587 2600 etwas
611 2545 719 2599 anderes
737 2546 775 2598 als
825 2549 938 2612 nonque
954 2546 1060 2612 figuras
1076 2547 1179 2598 Mittter
1200 2549 1233 2599 at
1250 2551 1338 2614 rences,
1388 2543 1389 2588 i

267 2617 397 2668 adnibito.
829 2631 930 2666 summa
953 2614 985 2665 de
1006 2629 1119 2681 corpore
1135 2631 1239 2682 reram,
1263 2615 1340 2679 (tuae

301 2688 340 2738 te.
350 2687 528 2736 exarmato.
539 2675 779 2736 Eaaotm‘volieu-
829 2686 907 2748 quast
917 2685 1087 2734 membranae
1099 2683 1140 2733 vet
1148 2689 1241 2736 cortes
1250 2688 1340 2734 namt-

265 2743 335 2814 det’,
358 2751 400 2802 bei
418 2750 505 2812 Quint.
524 2751 590 2804 noch
609 2753 633 2816 't,
645 2753 686 2812 30,
706 2748 778 2800 nicht
827 2751 979 2816 nitandast,
1002 2751 1080 2815 (tund
1100 2754 1214 2816 speeiem
1231 2767 1262 2804 aa
1279 2749 1339 2812 for

265 2819 305 2871 bei
325 2819 421 2871 Gicero.
827 2835 898 2870 mam
924 2817 1036 2870 similem
1054 2823 1130 2884 gerit
1155 2822 1212 2872 eius
1237 2823 1338 2886 imago,

301 2887 471 2951 efficiendam
489 2907 522 2930 =
541 2883 729 2952 effingendam,
755 2899 775 2936 s.
828 2885 1339 2954 Catmeamqnectoetdecorporesecea

303 2959 341 3008 te.
826 2956 930 3020 uagam.

263 2959 281 3027 ἐ
297 3028 340 3076 to.
352 3026 424 3074 tates·
434 3026 512 3088 ipsos.
539 3021 592 3074 tut
602 3023 677 3075 einen
686 3021 774 3074 Nomi·
861 3025 899 3076 ro.
912 3025 1019 3073 ssent-
1031 3023 1191 3087 differentes,
1208 3022 1338 3076 einedem

266 3091 336 3144 nativ
352 3090 413 3142 oder
426 3089 563 3142 Acousutiv
576 3089 692 3155 bezogeu
706 3090 774 3142 steht
825 3090 1005 3143 Grieohischeu
1041 3091 1236 3158 ueohgebildete
1269 3091 1340 3144 Kon-

266 3175 314 3212 uur
330 3162 401 3210 inter·
417 3175 458 3222 se,
481 3157 533 3223 vgi.
553 3161 622 3221 1,14
639 3157 684 3210 aui
700 3158 773 3210 einen
824 3155 960 3211 strulrtion.

267 3225 774 3292 audereuKasusdagegeninterseoder
858 3242 909 3293 pro
930 3226 1081 3291 grandibus
1099 3228 1197 3278 tumide·
1213 3227 1266 3292 vgl.
1285 3225 1340 3292 xit,

267 3301 338 3348 inter
353 3299 432 3362 ipsos,
451 3309 470 3346 s.
490 3293 677 3348 ebeudaselbst
828 3298 867 3358 10,
886 3295 919 3347 80
938 3294 1066 3360 panda,
1082 3309 1137 3346 aon
1155 3295 1265 3348 tumida

300 3362 495 3416 Nec-saltem
509 3362 609 3414 Saltem
618 3364 665 3414 mit
673 3361 775 3416 derNe·
860 3360 978 3423 fortibus
994 3365 1140 3428 temerarii,
1158 3363 1210 3430 vgi.
1221 3362 1259 3427 iil,
1270 3365 1294 3430 t,
1307 3365 1340 3416 25

268 3431 355 3498 gatiou
371 3431 453 3484 erhilt
466 3431 508 3482 bei
521 3429 606 3491 Quint.
624 3431 665 3484 die
677 3430 776 3484 Bedeu-
822 3445 876 3496 pro
894 3433 1036 3482 terreres-io
1053 3429 1151 3492 sortem
1163 3459 1197 3470 -
1207 3447 1341 3494 commas,

267 3505 331 3564 tuug
348 3513 399 3550 rou
414 3514 448 3549 ne
463 3527 498 3537 —
514 3500 622 3565 quidem
637 3499 689 3552 und
707 3499 776 3552 steht
826 3497 854 3562 ii,
874 3501 913 3562 12,
932 3503 947 3550 t
967 3504 1123 3549 temerarior
1139 3515 1190 3566 pro
1207 3498 1286 3560 forti.

267 3567 326 3619 beid
349 3582 409 3633 vor,
433 3566 493 3619 bald
516 3568 581 3620 nach
601 3567 658 3620 dem
676 3583 708 3620 aa
731 3569 776 3620 be·
861 3568 949 3627 laetis,
967 3566 1019 3632 vgi,
1034 3581 1067 3618 aa
1082 3570 1104 3631 1,
1116 3569 1157 3622 46.
1185 3568 1263 3619 taetts
1281 3583 1343 3619 cor-

266 3634 460 3688 schrinkenden
487 3633 588 3697 Worte3
616 3637 667 3702 vgi.
690 3640 714 3701 t,
732 3638 773 3689 20.
825 3633 1343 3700 rupts'‚vgl.Xli,1tt,801aetanonlc·

268 3701 298 3766 t,
319 3708 389 3770 t,4:
412 3703 530 3769 Neque
554 3705 623 3755 enim
642 3705 673 3755 de
691 3706 775 3755 omne*-
825 3705 947 3754 curiosa.

267 3773 316 3821 tce
333 3775 421 3824 masis
432 3772 521 3824 dicere
535 3775 676 3838 quisquam
691 3775 778 3838 potest
862 3770 1021 3835 enodantes,
1037 3769 1090 3836 vgi.
1108 3773 1133 3834 t,
1153 3773 1175 3823 1.
1192 3769 1234 3834 tx,
1247 3773 1273 3833 4,
1292 3771 1345 3823 28:

268 3839 386 3890 saltem
402 3841 564 3907 praeter-itte,
581 3845 614 3891 eet
625 3845 727 3892 taceam
745 3840 778 3890 de
829 3839 959 3906 quaedam
983 3841 1258 3904 transgressiones-
1276 3843 1345 3889 ment

268 3905 379 3966 futuris.
392 3937 425 3948 -
437 3909 496 3962 Hier
513 3908 547 3960 ist
558 3908 652 3960 saltem
663 3908 710 3960 ruit
721 3905 778 3968 sees-
829 3935 863 3945 -
881 3909 1070 3973 compositione
1085 3909 1205 3970 uitiosae,
1223 3921 1293 3972 qaae
1312 3910 1345 3956 e'n

268 3974 345 4037 ficiat
361 3991 392 4027 au
410 3975 557 4030 verbiuden.
830 3973 1346 4041 deotpeampetnntur,nteaottent
