2796 4608
472 261 578 316 caput
596 263 614 316 Ι.
632 265 648 328 5
666 265 758 326 9-ta.
1047 281 1051 290 ’
1110 263 1149 324 19

79 435 115 496 de
131 433 240 513 quibus
254 435 322 509 dixi,
337 443 409 496 sunt
422 434 529 496 alicubi
545 435 671 516 optima;
687 453 755 496 nam
770 445 800 496 et
813 437 975 498 humilibus
985 437 1105 498 interim
1120 449 1151 500 et

78 517 249 597 vulgaribus
263 529 308 581 ast
322 537 407 598 opus,
429 529 459 580 et
474 538 548 598 quae
563 519 701 584 nitidiore
723 521 754 582 in
769 530 853 599 parte
868 522 1004 583 videntur·
1023 523 1148 596 sordida,

6 648 9 658 ,
78 603 130 666 ubi
145 621 194 664 res
208 605 312 682 poscit,
329 604 449 684 proprie
464 605 612 666 dicuntur.
641 604 721 666 llaec
743 614 777 666 ut
790 607 918 668 sciamus
941 617 1029 686 atque
1045 626 1149 668 eorum
1171 617 1200 668 to

7 701 9 728 l
79 707 141 750 non
156 689 405 768 significationem
420 690 509 750 modo
530 691 581 752 sod
597 691 706 751 formas
726 689 812 754 etiam
833 710 1047 771 mensurasque
1066 693 1148 754 nori-

78 792 153 849 mus,
170 785 212 847 ut,
228 773 407 853 ubicumque
420 784 508 836 amnt
522 775 630 854 posita,
642 775 829 849 conveniant,
845 776 902 838 nisi
917 777 1009 838 multa
1019 777 1148 838 lectione

6 877 8 884 ·
77 869 166 936 atque
182 859 331 920 auditione
347 859 469 938 adsequi
483 859 565 920 nullo
580 860 669 920 modo
684 865 852 938 possumus,
868 879 936 922 oum
951 879 1071 923 omnem
1085 879 1148 924 ser-

6 961 9 1000 1
77 962 197 1006 monem
220 943 341 1004 auribus
359 945 493 1022 primum
515 945 702 1023 accipiamus.
739 945 866 1024 Propter
888 947 967 1024 quod
988 947 1149 1008 infantes'a

77 1029 167 1090 mutis
196 1028 363 1091 nutricibus
391 1029 474 1090 iussu
502 1048 607 1108 regum
637 1029 668 1090 in
691 1029 850 1091 solitudine
876 1031 1006 1104 educati,
1036 1031 1147 1092 etiamsi

7 1123 9 1138 ¹
76 1112 166 1172 verba
180 1113 323 1190 quaedam
339 1110 470 1176 emisisse
485 1115 660 1188 traduntur,
675 1124 775 1174 tamen
790 1114 932 1193 loquendi
946 1115 1084 1176 facultate
1099 1134 1148 1176 ca-

6 1231 9 1240 ·
77 1207 212 1260 ruerunt.
244 1199 321 1260 Sunt
336 1208 435 1260 autem
450 1199 504 1260 alia
518 1199 607 1260 huius
622 1207 757 1273 naturae,
774 1207 807 1259 ut
821 1199 899 1260 idem
914 1200 1050 1279 pluribus
1068 1201 1147 1260 voci·
1170 1211 1198 1262 tt

77 1281 134 1342 bus
147 1281 307 1356 declarent,
322 1283 359 1344 ita
376 1293 410 1344 ut
421 1284 495 1344 nihil
506 1284 739 1363 significationis,
756 1302 815 1362 quo
827 1285 926 1363 potins
938 1285 1038 1359 utaris,
1053 1286 1146 1346 inter·

6 1401 10 1409 ·
77 1368 128 1439 sit,
149 1377 182 1426 ut
199 1358 305 1430 ‘ensis'
332 1378 361 1428 et
373 1359 525 1446 ‘gladius'3
540 1369 597 1429 alio
614 1387 695 1442 vero,
711 1369 825 1430 etiamsi
840 1369 960 1448 propria
975 1388 1077 1430 rerum
1091 1370 1147 1432 ali·

76 1469 201 1529 quarum
215 1452 276 1514 sint
291 1453 426 1526 nomina,
448 1477 469 1516 a
490 1454 619 1528 οπικῶς
639 1463 737 1515 mmen
760 1455 942 1514 adeundam
964 1455 1148 1516 intellectum

75 1537 222 1611 seruntur,
238 1545 272 1597 ut
283 1529 417 1598 ‘ferrum'
438 1549 467 1600 et
492 1529 625 1598 mucro'.
655 1539 727 1598 Nam
743 1557 799 1617 per
812 1539 986 1600 abusionem
999 1529 1145 1600 ‘sicarios'
1171 1547 1200 1598 12

110 1654 217 1716 intueri,
235 1653 287 1718 vgl.
307 1653 337 1716 V,
358 1655 398 1718 13,
416 1655 445 1705 31
468 1653 532 1704 dam
550 1654 587 1704 lo·
671 1653 896 1720 significationis,
913 1648 1085 1705 ‘hinsichtliah
1104 1653 1148 1705 der

74 1734 135 1769 cam
149 1725 330 1786 praesentem,
350 1737 405 1772 non
423 1725 507 1772 totana
524 1736 588 1772 cau·
637 1717 806 1786 Bedeutung'.
837 1721 887 1773 Der
898 1721 1000 1774 Genitlv
1011 1721 1053 1772 bei
1065 1724 1148 1772 intar-

6 1827 10 1835 .
73 1802 132 1836 sain
148 1789 297 1838 intuentur.
638 1794 677 1838 est
703 1805 747 1840 zur
770 1787 951 1854 bezeichnung
977 1789 1022 1840 des
1049 1787 1149 1854 Gegan-

109 1857 229 1918 intera‘m,
254 1850 420 1908 ‘biswcilen’z
448 1856 475 1906 in
502 1855 586 1908 dieser
636 1855 754 1920 alaudes,
777 1857 803 1906 in
825 1856 942 1908 llinsicbt
964 1857 1010 1908 aul
1030 1857 1147 1908 walchen

73 1919 226 1988 Bedeutung
249 1923 291 1974 bei
310 1921 395 1983 Quint.
418 1923 488 1974 nicht
505 1937 585 1988 unge·
636 1928 718 1975 etwas
736 1937 787 1974 von
805 1923 973 1990 Wichtiglreit
995 1925 1042 1988 ist,
1067 1922 1147 1974 findet

72 1989 210 2041 wbbnlieh.
635 1991 690 2042 sich
703 1991 768 2043 auch
782 1989 831 2056 Vll,
841 1995 864 2055 2,
875 1994 907 2043 20
925 1995 954 2042 in
969 1991 1072 2041 iudicio
1084 2007 1148 2056 qao·

79 2085 81 2090 ,
107 2057 250 2122 nitidiora,
283 2057 327 2110 der
356 2057 467 2108 sordida
496 2061 584 2110 orado
636 2075 686 2124 qaae
703 2059 774 2109 nibil
791 2063 904 2110 intereat
920 2062 1069 2121 actionum,
1095 2058 1146 2124 vgl.

72 2125 333 2254 8111181ιῖ61131111111,
343 2125 584 2244 ebensonlLbffid.
634 2125 874 2248 {denda-Seyfferts
891 2126 1048 2180 Grammatilr
1065 2128 1080 2190 ς
1098 2128 1148 2178 164

6 2238 8 2246 ,
143 2232 148 2243 .
175 2209 516 2258 amaa-manaaraaqae,
558 2209 584 2246 e·
658 2210 708 2246 nm.
746 2231 753 2246 .

6 2265 8 2280 '
72 2259 167 2310 xionen
184 2261 237 2311 und
255 2259 387 2319 Quantitit
404 2261 448 2312 der
466 2259 563 2313 Silben.
669 2279 721 2328 qao
739 2261 785 2314 aui
801 2265 880 2313 11111111
898 2278 929 2313 au
945 2261 1082 2322 bauionem
1101 2260 1147 2312 das

108 2341 168 2377 mam
194 2355 227 2364 -
254 2331 416 2392 accipiamus
440 2329 584 2394 begrdndet
634 2329 831 2394 vorangebende
863 2332 973 2380 vocibus
1007 2327 1146 2380 erlorderte

72 2393 180 2458 speziell
207 2394 252 2446 das
281 2396 478 2460 vorangebende
507 2397 584 2446 audi·
635 2413 696 2460 qna.

73 2463 148 2510 111111
164 2459 217 2510 und
239 2461 313 2512 leitet
336 2461 377 2512 die
401 2461 585 2530 1113116131-
671 2463 816 2534 apamenis,
825 2463 936 2514 nimliob
945 2461 1025 2513 durch
1034 2461 1074 2512 die
1087 2475 1148 2528 syn-

6 2530 7 2536 ’
70 2527 156 2578 lebate
173 2527 249 2578 Notia
268 2529 317 2580 ein.
637 2529 1147 2595 11111111,181.1’ΠΙ,6,161111111111111,

107 2595 311 2664 stomaponti
329 2593 382 2648 und
400 2613 482 2662 qaae,
506 2595 586 2650 diters
636 2603 668 2648 at
683 2592 852 2648 ‘mueronem‘
867 2613 920 2662 pro
931 2596 1025 2660 gladio
1043 2600 1070 2644 et
1084 2589 1147 2646 ‘taa-

70 2663 115 2714 bel
133 2662 218 2724 Quint.
238 2679 258 2716 s.
277 2667 293 2728 ξ
311 2667 353 2717 61.
369 2667 410 2720 66.
428 2667 503 2728 613.
521 2667 583 2730 ’1,6;
636 2659 699 2716 tum'
715 2681 768 2732 pro
787 2665 864 2716 domo
885 2666 1007 2729 recipiet,
1029 2665 1069 2714 a'ta
1092 2679 1147 2714 non

70 2731 143 2782 nicht
156 2731 202 2788 bei
221 2731 317 2783 Cicero.
634 2723 766 2800 ‘puppem’
785 2747 838 2798 pro
860 2734 926 2782 naui
946 2746 995 2780 nac
1016 2725 1144 2782 ‘abietem'

105 2798 226 2860 infantae
248 2829 283 2838 —
309 2804 458 2850 caruerant
482 2799 584 2851 beziebt
634 2817 685 2866 pra
699 2801 810 2864 tabella,
828 2806 853 2850 et
863 2814 966 2864 marnas,
983 2799 1147 2863 1111111ςὶ1-

71 2867 128 2918 sich
145 2868 215 2919 wohl
233 2869 280 2919 mit
298 2867 582 2934 einigendbweicbun·
635 2869 680 2920 dio
699 2863 833 2932 ‘ferram’,
857 2870 898 2918 ita
921 2881 977 2917 non
998 2881 1052 2932 pro
1078 2882 1147 2932 aquo

70 2949 121 2998 gen
149 2935 195 2986 aul
217 2935 259 2988 die
284 2939 370 2988 zuerst
395 2951 447 2988 von
471 2933 584 2986 llerodot
633 2929 851 3004 ‘quadripedem
879 2933 929 2985 Der
941 2932 1004 2984 Sinn
1016 2933 1062 2984 ist:
1076 2948 1146 2984 man-

69 3002 108 3067 (11,
121 3001 147 3065 1)
159 3003 206 3054 mit
224 3003 313 3056 eteilte
324 2991 500 3056 [lberlieleran
520 3001 586 3066 ‚anf
635 3005 682 3056 ebe
700 3001 802 3054 Wdrter
819 3001 876 3053 sind
897 3017 949 3054 von
967 2999 1048 3051 Natur
1068 3016 1146 3068 syno-

70 3071 172 3138 welabe
230 3073 283 3124 eise
301 3071 480 3133 Psammetich,
499 3017 584 3138 {dmg
617 3087 705 3142 nym,
723 3070 816 3122 andere
832 3069 936 3122 werden
954 3069 980 3118 in
998 3069 1147 3136 1111111181-

70 3153 124 3188 von
135 3139 265 3206 Agypten,
284 3155 315 3191 zu
328 3139 445 3191 eriahren
461 3139 583 3190 versuoht
635 3155 681 3192 ner
694 3138 847 3204 Bedeutung
864 3137 941 3190 ihnen
960 3136 1084 3188 ebenlalls
1102 3151 1147 3204 sy-

70 3206 146 3268 babe‚
164 3206 277 3260 welches
289 3206 359 3259 Vollr
374 3205 420 3258 das
433 3207 525 3258 alteste
537 3205 583 3258 sei.
614 3267 617 3270 ,
635 3221 740 3276 nonym,
750 3203 871 3258 wibrend
880 3206 918 3257 sie
928 3206 953 3256 in
965 3203 1145 3271 cigentliohem

106 3277 211 3325 etiamsi
221 3303 253 3313 —
267 3280 364 3341 tamen,
374 3269 497 3326 ‘awar-
506 3270 584 3326 aber’:
637 3274 715 3326 Sinne
725 3277 807 3325 etwas
817 3287 881 3354 qana
893 3273 999 3326 anderes
1009 3271 1145 3324 bedenten.

71 3342 168 3394 ebenso
186 3345 202 3408 ξ
222 3346 262 3408 11,
285 3342 352 3395 doch
375 3343 422 3394 mit
440 3341 497 3394 dem
515 3339 585 3393 lion·
668 3341 810 3406 sanantur,
837 3341 875 3392 sie
894 3341 1000 3392 wenden
1024 3339 1078 3392 siclt
1096 3333 1146 3390 zu’.
1221 3359 1223 3364 ·

66 3409 182 3473 junktiv.
672 3412 711 3462 12.
735 3409 806 3460 Nam
831 3408 900 3460 ldhrt
926 3409 983 3460 eine
1008 3407 1145 3474 allgemein

108 3481 148 3529 11.
166 3479 230 3542 alia,
248 3477 361 3530 nimliah
373 3481 460 3542 anda,
473 3478 528 3529 hier
541 3493 585 3542 ge-
635 3477 765 3530 belmonte
783 3473 865 3528 Sache
883 3491 927 3540 an,
945 3477 998 3544 vgl.
1017 3476 1033 3542 5
1052 3478 1092 3526 13.
1111 3475 1145 3524 83
1178 3510 1181 3516 ,

70 3551 129 3610 sagt
152 3547 199 3596 mit
216 3545 303 3612 Rezug
325 3546 371 3598 aul
391 3547 463 3599 ihren
480 3545 583 3610 Begrill',
635 3545 688 3597 and
704 3546 751 3596 mit
768 3543 950 3610 llinzub'igung
970 3559 1022 3594 von
1039 3541 1145 3609 quidam

71 3613 194 3664 wabrend
204 3613 249 3664 das
259 3613 380 3680 folgende
391 3629 446 3664 aaa
455 3613 500 3666 das
509 3611 606 3664 Wart·
636 3614 694 3678 §9-
713 3615 753 3666 56.
1065 3675 1075 3688 μ

71 3681 156 3732 seiner
174 3680 248 3733 llorm
266 3682 332 3734 nach
349 3681 511 3746 bezeichnet,
529 3681 583 3748 vgl.
668 3697 717 3747 per
743 3681 911 3742 adminuere,
938 3693 982 3732 zur
1002 3673 1146 3740 Brltlarunq
1187 3705 1189 3710 ι

71 3748 122 3800 Gie.
142 3747 584 3814 0111111111111111111111-
635 3747 707 3800 dicut
724 3741 785 3812 Vlll,
803 3750 828 3814 6,
846 3750 879 3800 31
897 3747 936 3796 llo
954 3746 1040 3808 magis
1057 3757 1146 3792 neces-

70 3831 120 3880 que
137 3817 269 3868 iudicione
282 3819 446 3884 prudentiae
463 3823 514 3883 eat,
538 3833 584 3868 oo·
635 3818 710 3866 saria
728 3817 903 3884 catachresis,
921 3827 1000 3876 quarn
1017 3815 1087 3862 reate
1105 3811 1145 3862 di-

70 3901 130 3935 caam
148 3890 238 3936 autam
262 3891 289 3936 et
308 3901 483 3938 numerorum
505 3901 585 3938 auras
636 3888 721 3934 11111111
742 3886 909 3944 dandonem,
936 3895 1003 3944 qaae
1024 3893 1078 3929 non
1099 3880 1146 3928 ba-
1232 3919 1237 3924 .

67 3957 134 4004 eant
150 3954 259 4005 iudices.
637 3953 756 4002 dantibus
778 3965 874 4000 nomen
898 3962 976 4066 'w'
1000 3959 1147 3998 accommo-
