2796 4608
647 286 755 342 carun
772 287 814 342 ιν.
833 287 850 357 ς
870 291 944 342 r-t.

699 495 809 574 Garun
834 493 886 570 lV.
1178 598 1183 605 ⁸

519 629 726 718 QUOMODO
752 629 1066 704 EMENOANOUM.

218 811 232 863 1
339 801 481 880 Sequitur
500 801 733 876 emendatio,
759 819 829 881 pars
855 799 1022 862 studiorum
1047 800 1136 880 longe
1163 800 1329 862 utilissima.

254 887 357 966 Neque
377 886 458 948 enim
479 886 543 948 sine
566 903 653 948 causa
673 885 818 948 creditum
840 893 895 962 est,
916 885 1016 947 stilum
1037 903 1098 946 non
1120 886 1218 947 minus
1238 901 1328 965 agere

254 989 323 1034 oum
337 970 424 1034 delet.
454 971 549 1034 lluius
570 981 666 1034 autem
689 971 788 1052 operis
808 979 852 1033 est
867 970 993 1044 adicere,
1015 970 1178 1044 detrahere,
1200 980 1328 1032 mutare.

254 1055 312 1119 Sed
326 1055 440 1118 facilius
454 1057 485 1118 in
501 1057 537 1118 iis
551 1057 774 1137 simpliciusque
788 1055 940 1128 iudicium,
964 1073 1038 1134 quiae
1052 1055 1195 1135 replenda
1210 1057 1257 1118 vel
1272 1057 1326 1118 de·

253 1141 369 1203 icienda
379 1151 465 1218 sunt;
481 1159 618 1222 premere
629 1160 699 1203 vero
710 1141 864 1214 tumentia,
880 1139 998 1201 humilia
1010 1140 1159 1216 extollere,
1172 1141 1327 1203 luxurian-

253 1226 293 1287 tia
308 1226 500 1307 adstringere,
516 1228 683 1288 inordinata
699 1227 842 1306 digerere,
864 1225 960 1287 soluta
982 1243 1173 1306 componere,
1189 1227 1327 1288 exultan-

252 1311 292 1374 tia
306 1329 454 1385 coercere,
470 1311 597 1392 duplicis
612 1330 728 1391 operae.
757 1311 830 1372 llam
846 1319 878 1372 et
898 1311 1063 1372 damnanda
1085 1319 1157 1372 sunt
1170 1329 1246 1390 quae
1260 1311 1325 1392 pla-

217 1406 232 1456 t
251 1405 384 1472 ederant,
400 1406 430 1458 et
444 1396 621 1458 invenienda
635 1415 710 1476 quae
725 1398 872 1474 ingerant.
901 1395 963 1456 Nec
976 1395 1100 1457 dubium
1120 1403 1165 1457 est
1180 1395 1325 1476 optimum

252 1499 316 1544 esse
331 1481 507 1544 emendandi
527 1499 630 1560 genus,
651 1481 676 1543 si
690 1481 798 1562 scripta
813 1481 844 1542 in
860 1480 979 1560 aliquod
993 1489 1112 1560 tempus
1126 1490 1324 1562 reponantur,

250 1575 284 1628 ut
298 1568 334 1628 ad
350 1585 384 1628 ea
398 1575 466 1646 post
485 1566 671 1628 intervallum
690 1567 770 1627 velut
789 1585 865 1628 nova
887 1573 976 1645 atque
996 1565 1092 1627 aliena
1106 1567 1269 1640 redeamus,
1284 1585 1325 1628 ne

213 1661 228 1711 t
251 1651 339 1712 nobis
359 1651 468 1730 scripta
491 1660 590 1713 nostra
609 1660 759 1732 tamquam
780 1659 917 1713 recentes
938 1653 1015 1712 letus
1036 1649 1235 1712 blandiantur.
1265 1651 1323 1713 Sed

251 1753 349 1814 neque
377 1736 434 1796 hoe
454 1737 627 1816 contingere
644 1753 764 1817 semper
788 1745 898 1816 potest,
925 1735 1097 1816 praesertim
1123 1737 1249 1810 oratori,
1275 1737 1325 1798 cui

250 1821 368 1900 saepius
383 1821 513 1882 scribere
534 1824 569 1883 ad
584 1822 748 1904 praesentis
762 1839 834 1884 usus
852 1839 975 1882 necesse
985 1829 1044 1897 est;
1060 1829 1091 1882 et
1104 1821 1167 1901 ipsa
1177 1823 1324 1883 'emcnda-

251 1905 292 1966 tio
308 1906 398 1967 linem
413 1907 528 1970 habeat.
559 1909 636 1969 Sunt
650 1908 732 1968 enirn
748 1906 798 1986 qui
818 1907 855 1967 ad
877 1906 975 1967 omnia
990 1906 1102 1985 scripta
1116 1915 1266 1986 tamquam
1281 1907 1324 1968 vi-

249 1991 324 2052 tiosa
339 1993 462 2054 redeant
477 2001 515 2066 et,
532 1993 615 2072 quasi
631 1993 705 2053 nihil
719 1993 762 2052 las
777 1991 816 2052 sit
830 1999 946 2052 rectum
957 1991 1113 2070 essequod
1126 1991 1255 2071 primum
1268 2000 1322 2066 cst,
1390 2031 1391 2058 r

249 2077 355 2138 melius
369 2077 537 2138 existiment
553 2077 694 2156 quidquid
713 2085 758 2137 est
778 2075 866 2149 aliud,
888 2076 976 2154 idque
991 2076 1109 2149 faciant,
1133 2077 1272 2156 quotiens
1287 2077 1324 2138 li-

249 2160 336 2220 brum
352 2162 383 2220 in
399 2179 504 2223 manus
519 2170 754 2240 resumpserunt,
775 2156 884 2222 similes
905 2161 1025 2222 medicis
1040 2161 1128 2222 etiam
1143 2161 1260 2240 integra
1274 2181 1324 2224 sc·

250 2245 396 2306 cantibus.
426 2245 538 2306 Accidit
553 2246 659 2324 itaque,
675 2255 708 2306 ut
722 2246 894 2308 cicatricosa
911 2246 972 2307 sint
987 2254 1015 2306 et
1030 2247 1190 2325 exsanguia
1205 2256 1235 2308 et
1250 2267 1324 2310 oura

211 2339 227 2390 4
248 2329 359 2410 peiora.
390 2329 434 2390 Sit
448 2349 519 2410 ergo
535 2330 691 2409 aliquando
707 2330 786 2410 quod
801 2331 915 2410 placeat
929 2340 980 2393 ant
994 2340 1074 2393 certe
1091 2332 1170 2411 quod
1186 2333 1325 2408 sufficiat,

249 2423 282 2474 ut
303 2432 379 2493 opus
401 2415 494 2494 poliat
513 2415 580 2476 lima
601 2435 663 2476 non
685 2424 805 2477 exterat.
836 2416 991 2496 Temporis
1012 2435 1131 2496 quoque
1151 2437 1216 2479 esse
1234 2417 1325 2480 debet

248 2499 363 2560 modus.
400 2499 474 2561 llam
495 2501 573 2580 quod
601 2501 713 2562 Cinnae
734 2501 890 2582 Zmyrnam
915 2519 1023 2562 novem
1043 2502 1129 2564 annis
1154 2503 1325 2582 accepimus
1389 2573 1390 2580 ,

248 2584 397 2664 scriptam,
413 2594 443 2648 et
458 2586 670 2668 Panegyricum
686 2587 832 2661 isocratis,
854 2587 905 2666 qui
921 2586 1101 2667 parcissime,
1117 2588 1219 2648 decem
1234 2589 1325 2651 annis

248 2669 351 2732 dicunt
366 2669 564 2734 elaboratum:
581 2671 617 2732 ad
633 2680 782 2733 oratorem
793 2671 865 2732 nihil
877 2671 1015 2750 pertinet,
1031 2671 1116 2732 cuius
1129 2673 1242 2734 nullum
1254 2673 1325 2750 erit,

187 2807 189 2812 .
246 2754 273 2814 si
288 2763 347 2814 tarn
364 2757 481 2816 tardum
497 2757 594 2831 luerit,
611 2756 760 2818 auxilium.

285 2891 305 2940 l.
323 2888 485 2953 usnimada,
502 2903 524 2942 s.
543 2891 566 2952 2,
587 2891 627 2942 16.
809 2887 881 2952 tulls,
899 2886 1032 2941 Veriasser
1049 2889 1119 2942 eines
1137 2889 1259 2958 epischen
1272 2890 1326 2946 Ge-

245 2953 411 3074 drppkpetue,
438 2955 555 3010 niemlich
580 2956 676 3007 seltner
694 2955 760 3010 Aus-
809 2955 910 3090 (gliacnhppp
926 2956 1047 3076 iZsrpyrrra,
1069 2957 1115 3010 das
1140 2957 1256 3012 verioren
1275 2974 1323 3026 ge·

275 3089 460 3155 blandiantur,
468 3083 533 3144 ‘sicli
543 3090 757 3144 einsclrmeiclreln
841 3107 935 3142 nouem
944 3096 1032 3157 wora,
1045 3093 1094 3146 ule
1105 3092 1187 3146 Gutull
1199 3093 1226 3146 in
1236 3094 1323 3148 einenr
1388 3111 1389 3120 ¹

246 3157 300 3210 und
318 3153 446 3225 gelallen‘.
807 3158 953 3226 Epignomm
978 3161 1031 3225 (95)
1058 3161 1092 3214 iun
1118 3161 1222 3228 Aniang
1247 3167 1322 3229 sngt:

282 3229 306 3279 3.
331 3225 411 3290 Mena
438 3227 546 3290 doleat,
573 3225 630 3278 eine
660 3225 757 3280 Grenze
807 3228 1324 3296 Zmyrnameicinnaononampostuo-

246 3293 339 3359 haben,
357 3293 399 3346 die
414 3293 484 3346 nield
495 3293 680 3346 ubersolrritten
693 3310 757 3348 wer·
807 3298 888 3361 alque
894 3313 1008 3360 murem,
1020 3297 1105 3362 Quam
1115 3304 1208 3364 coepta
1217 3303 1265 3365 eat,
1274 3316 1325 3352 no·

243 3361 296 3414 den
312 3361 377 3418 dari.
807 3379 921 3430 namque
939 3365 1011 3416 edita
1027 3371 1090 3432 port
1107 3367 1217 3418 hiemem
1234 3370 1285 3420 cet.

280 3429 508 3495 similer„medieis‚
522 3428 607 3482 dieser
620 3427 756 3498 Vergleiclr
840 3433 1038 3500 Panegyricum
1045 3433 1181 3500 Isocratis,
1186 3434 1244 3488 eine
1250 3435 1325 3488 Fest-

244 3498 293 3550 unit
309 3497 360 3550 den
378 3496 473 3550 Areten
494 3498 529 3550 ist
547 3496 664 3552 niemliclu
682 3514 756 3552 uner·
806 3499 875 3562 rede,
893 3499 934 3554 die
952 3515 999 3552 vor
1010 3500 1056 3554 der
1070 3500 1324 3571 Festversarnurlung

247 3571 348 3620 vertet.
806 3567 904 3620 beiden
914 3567 1091 3635 olympisohen
1101 3569 1205 3638 Spielen
1216 3587 1262 3638 ges
1281 3588 1325 3626 ro-

279 3637 385 3701 dopam,
408 3632 493 3694 Quint
512 3632 667 3688 beobaclrtet
684 3636 754 3688 nicht
808 3636 873 3688 chen
887 3635 990 3688 worden
1003 3637 1249 3692 undunsnoclrerlr
1278 3644 1323 3692 ten
1387 3659 1388 3682 u

246 3703 317 3756 melu
343 3701 385 3754 die
407 3701 475 3754 ieine
493 3700 712 3769 Unterscheidung
729 3704 754 3754 in
806 3703 848 3764 ist,
867 3702 919 3768 vgl.
932 3701 1000 3756 Plut.
1011 3704 1139 3762 decent.
1150 3701 1174 3758 d.
1185 3723 1209 3774 p.
1221 3707 1323 3762 satu:

245 3767 289 3824 der
307 3767 426 3836 Stellung
448 3785 498 3822 von
522 3772 613 3837 itaque
634 3771 685 3824 und
703 3773 755 3836 igi·
806 3765 857 3822 τὸν
868 3786 976 3842 πανηγυ
993 3768 1053 3824 cndu
1069 3774 1142 3828 ἔτεσι
1160 3769 1226 3827 δέκα
1244 3778 1323 3828 συνέ-

244 3841 291 3888 lur
308 3837 358 3889 wie
376 3837 472 3891 Cicero.
807 3835 907 3902 θηκεν,
928 3837 956 3890 οἱ
972 3790 1002 3892 §a
1019 3835 1170 3894 δεκαπέντε
1187 3839 1322 3914 λέγουσιν.

279 3908 303 3960 l.
323 3905 415 3970 Onna,
432 3905 458 3957 C.
471 3904 585 3970 Helvius,
597 3905 697 3958 Freund
709 3906 755 3958 Ca·
838 3909 1003 3973 parensium,
1020 3923 1041 3960 s.
1062 3913 1084 3973 l,
1099 3913 1155 3964 tOl.
