2796 4608
254 232 295 294 50
623 231 729 286 curor
747 233 765 286 1.
784 235 800 298 s
819 235 961 286 roo-tro.

203 418 247 470 tot
255 407 310 470 mis
323 406 482 484 legendum
496 405 542 466 rel
557 405 748 467 ediscendum
762 405 861 484 potius
875 412 986 483 putem.
1016 403 1149 474 Quorum
1165 421 1220 482 ego
1234 403 1328 465 virtu-

254 502 300 554 tes
320 491 476 571 plerosque
497 489 626 552 arbitror
647 489 771 564 similes,
798 489 968 563 consilium,
994 489 1143 562 ordinem,
1168 489 1328 564 dividendi,

255 577 457 657 praeparandi,
472 573 620 655 probandi
634 575 789 648 rationem,
811 573 940 653 denique
961 591 1037 652 quae
1050 583 1121 636 suut
1135 574 1324 636 inventionis

254 661 290 724 lu
305 661 472 742 eloquendo
488 668 533 722 est
546 660 646 738 aliqua·
657 659 831 736 diversitos;.
843 659 963 722 densior
977 659 1026 720 ille
1040 660 1089 721 hie
1104 659 1260 738 copiosior,
1276 659 1328 720 ille

255 747 406 810 concludit
428 745 595 808 adstrictius
615 745 663 808 bic
677 745 773 816 latius,
796 755 908 824 pugnet
930 745 980 806 ille
995 745 1131 806 comnine
1146 762 1263 824 semper
1277 744 1326 805 hie

254 833 429 911 frequenter
442 838 473 892 et
486 830 627 910 pendere,
644 829 685 892 illi
709 829 782 892 nibil
796 830 909 892 detrahi
929 838 1035 910 potest,
1056 830 1132 892 huic
1147 829 1221 892 nihil
1241 829 1324 903 adici,

202 927 345 980 tttcuree
364 915 432 996 plus
451 916 483 977 in
504 915 553 978 illo
574 916 606 978 in
627 916 685 976 boc
700 923 830 978 naturae.
861 914 978 978 Solibus
993 923 1073 976 certe
1094 923 1124 976 et
1138 915 1327 976 commisere-

254 1003 345 1076 tione,
360 1019 436 1080 queo
451 1000 510 1064 duo
521 1000 682 1080 plurimum
697 999 728 1062 in
739 999 903 1062 adfectibus
911 1000 1017 1075 valent,
1031 1000 1186 1061 vincimus.
1215 999 1253 1060 Et
1263 1001 1327 1060 lor·

254 1096 332 1148 tesse
347 1086 478 1168 epilogos
492 1087 534 1148 illi
549 1103 613 1148 mos
628 1085 750 1148 civitatis
772 1083 940 1159 abstulerim
961 1086 1014 1146 sed
1029 1094 1059 1146 et
1074 1084 1161 1148 uobis
1175 1085 1232 1158 ille,
1248 1103 1329 1164 quse

253 1171 343 1234 Attici
357 1171 512 1247 mirantur,
534 1171 647 1232 diversa
661 1169 758 1230 Latini
773 1169 919 1230 sermonis
941 1170 1015 1230 ratio
1034 1170 1133 1248 miuus
1148 1170 1325 1248 permiserit.

254 1257 289 1318 ln
305 1256 437 1336 epistulis
452 1256 581 1336 quidem,
605 1271 783 1334 quemquem
805 1260 876 1314 suot
898 1253 1059 1332 utriusque,
1075 1253 1241 1332 dialogisve,
1258 1255 1327 1332 qui·

205 1340 312 1406 1ccbus
327 1341 402 1404 nibil
416 1342 474 1416 ille,
491 1340 572 1402 nullo
586 1337 741 1398 contentio
756 1345 809 1398 est.
840 1335 1012 1398 Cedendum
1025 1355 1095 1398 vero
1115 1338 1146 1398 in
1162 1339 1228 1410 hoc,
1244 1339 1327 1416 quod

206 1431 209 1440 '
255 1435 285 1488 et
305 1427 388 1506 prior
408 1425 463 1486 fuit
484 1432 513 1485 et
534 1441 570 1484 ex
591 1439 698 1500 magna
713 1431 797 1501 parte
812 1421 996 1496 Ciceronem,
1022 1431 1150 1501 quantus
1165 1431 1217 1496 est,
1244 1424 1329 1484 lecit.

254 1512 328 1574 Nam
343 1510 414 1572 mibi
428 1508 545 1570 videtur
555 1507 594 1568 Μ.
607 1506 730 1582 Tullium,
745 1525 813 1568 cum
828 1514 969 1590 setotum
978 1507 1016 1568 ad
1026 1507 1219 1581 imitationem
1231 1506 1329 1567 Grae-

253 1613 360 1658 eorum
375 1593 556 1666 contulisset,
566 1612 568 1619 ⁴
579 1592 728 1654 effinxisse
750 1592 807 1652 vim
823 1591 1039 1666 Demosthenis,
1055 1591 1171 1672 copiam
1185 1591 1327 1664 Platonis

204 1693 247 1744 109
255 1679 469 1742 iucunditatem
483 1677 629 1740 lsoerutis
659 1677 720 1738 Neo
741 1695 810 1738 roro
832 1676 913 1756 quod
930 1677 960 1737 in
977 1695 1096 1755 quoque
1111 1676 1256 1756 optimum
1270 1677 1328 1737 fuit

254 1763 351 1826 studio
367 1771 546 1826 consecutus
561 1775 605 1826 est
618 1771 744 1838 tontum,
765 1761 817 1824 sed
836 1761 977 1842 plurimos
996 1762 1043 1822 vel
1057 1761 1158 1841 potius
1172 1779 1275 1822 omues
1290 1780 1327 1822 ex

253 1868 287 1910 se
311 1849 375 1928 ipso
396 1850 520 1912 virtutes
541 1848 644 1910 extulit
668 1847 833 1910 inmortalis
857 1846 970 1925 ingenii
995 1846 1162 1908 beatissima
1181 1846 1328 1907 ubertate.

253 1934 320 1995 Non
333 1935 586 2014 euimpluvies,
602 1941 635 1993 ut
650 1933 689 1993 eit
700 1933 854 2006 Pindarus,
870 1949 983 2009 equas
998 1931 1151 2010 colligit
1166 1931 1229 1992 sed
1243 1931 1326 1990 vivo

255 2037 322 2100 gur
328 2019 406 2100 gite
423 2037 516 2082 erun
526 2019 543 2078 d
554 2027 604 2090 at,
620 2017 701 2078 douo
716 2017 843 2096 quodam
859 2015 1060 2096 providentiae
1076 2017 1203 2095 genitus,
1218 2017 1249 2076 in
1266 2033 1326 2094 quo

203 2114 247 2167 11⁰
255 2111 331 2165 totas
345 2103 422 2164 vires
437 2122 504 2166 suas
516 2101 686 2181 eloquentis
698 2101 891 2181 experiretur.
920 2099 993 2162 Nam
1005 2101 1071 2180 quis
1083 2101 1189 2162 docere
1201 2099 1327 2180 diligen-

255 2188 322 2272 tius,
338 2206 457 2250 movere
472 2187 676 2248 vehementius
688 2184 807 2265 potest?
834 2185 887 2248 Cui
907 2193 990 2246 tonte
1004 2185 1331 2264 umquem'iucunditss

255 2269 368 2332 adluit?
398 2280 432 2332 ut
446 2273 509 2351 ipse
524 2271 580 2347 illu,
608 2289 683 2350 quse
706 2277 871 2350 extorquet,
898 2271 1056 2349 impetrare
1078 2289 1146 2330 eum
1169 2270 1280 2344 credes
1297 2279 1328 2331 et

255 2375 323 2418 cum
337 2364 538 2418 transversum
551 2357 579 2417 vi
594 2375 647 2418 suu
658 2355 783 2418 iudicem
799 2358 881 2431 serat,
897 2363 995 2416 temen
1008 2355 1056 2416 ille
1072 2375 1133 2416 non
1150 2355 1214 2434 rupi
1229 2355 1330 2415 videa-

254 2488 299 2526 eus
318 2472 362 2526 der
379 2471 568 2539 Vergleiohuug
589 2472 636 2524 ruit
653 2471 764 2524 anderen
815 2486 876 2522 rum
904 2471 1060 2536 frequenter·
1088 2475 1186 2522 auertet
1220 2475 1247 2522 rt
1277 2473 1328 2522 alu·-

254 2539 370 2594 Rednern
388 2541 489 2594 boreus
816 2539 923 2604 quando
941 2543 1022 2590 etium
1038 2537 1128 2601 reficit
1138 2544 1164 2590 et
1175 2555 1191 2590 α
1203 2542 1329 2590 εαὶἰειαίε

289 2613 344 2662 106.
356 2609 550 2662 ille-letius.
577 2605 605 2660 b.
619 2607 764 2662 bautseiue
814 2607 857 2658 erl
872 2624 889 2658 α
907 2607 1072 2672 frenatione
1087 2612 1207 2660 renovat.

252 2674 377 2738 Periodeu
400 2677 514 2744 huepper
536 2675 590 2728 und
607 2675 713 2741 lutrzer,
737 2675 763 2726 (l.
849 2675 1328 2740 epilogos-resurertcbeziohtsieh

253 2744 348 2796 breiter
365 2744 417 2796 und
435 2744 630 2810 eusgedehnter,
652 2744 704 2809 rgl.
722 2742 763 2805 lll,
815 2743 841 2794 io
859 2741 943 2794 dieser
953 2743 1150 2808 Aligemeiubeit
1167 2759 1214 2794 nur
1229 2743 1275 2795 out
1285 2743 1328 2794 die

252 2813 328 2930 »tagl
347 2807 486 2879 περίοδον,
511 2827 580 2878 quoe
597 2816 685 2862 ert-
703 2825 764 2861 oon·
815 2810 998 2875 gerichtlieheu
1010 2810 1096 2863 Redeo
1114 2827 1161 2862 ror
1178 2811 1236 2862 dem
1247 2812 1329 2863 Areo-

253 2894 268 2929 e
322 2895 346 2930 o.
867 2913 873 2928 .

283 2949 402 3012 pugnat,
424 2945 614 3013 metaphorisch
637 2944 677 2996 liu
698 2944 766 2996 dicit
814 2891 975 3010 palpamine.
993 2943 1330 2999 Unterbemostheoes’Na·

254 3030 276 3066 s.
293 3015 309 3080 ξ
328 3017 353 3066 4.
815 3027 874 3064 meu
892 3012 949 3064 siud
964 3013 1039 3066 sechs
1051 3012 1134 3065 Briele
1146 3015 1229 3080 curig,
1247 3015 1325 3066 deren

288 3095 410 3142 acumen,
434 3079 488 3132 hier
505 3078 576 3132 nicht
594 3079 696 3132 sowobl
712 3094 764 3132 rou
814 3079 1069 3144 Uuechtheitjedoch
1078 3082 1274 3146 nuchgeuiesen
1283 3083 1325 3135 ist.

255 3148 403 3202 Scherlsiou
415 3161 447 3198 uu
461 3147 591 3212 verstehn,
606 3147 645 3199 als
660 3163 711 3199 von
720 3147 765 3200 der
849 3149 1011 3213 diatogiree,
1031 3148 1134 3200 beniebt
1151 3149 1205 3200 sich
1223 3152 1269 3202 auf
1283 3151 1326 3202 die

255 3217 366 3285 Sproche
378 3215 424 3268 des
437 3213 599 3278 Verstoudes,
612 3214 711 3268 welche
723 3215 764 3268 die
815 3217 924 3268 meister
946 3215 1172 3282 philosophisohen
1196 3214 1325 3270 Schriften

254 3283 393 3338 Sedeoken
419 3283 446 3334 in
471 3281 601 3336 eiulscher
627 3283 763 3336 schlichter
815 3284 924 3348 Ciceros,
941 3285 1037 3336 ebeuso
1055 3284 1100 3336 aul
1111 3283 1206 3336 Brutus
1222 3287 1275 3339 und
1293 3287 1328 3338 de

253 3352 300 3404 hrt
317 3351 491 3416 wiedergiebt.
813 3356 921 3406 orrtore.

289 3423 346 3474 107.
358 3418 513 3480 adfectibus.
539 3419 577 3472 Zu
585 3418 634 3472 den
643 3417 764 3479 adfertur
847 3423 943 3487 quidue
959 3449 994 3460 -
1010 3419 1068 3481 iilo,
1090 3433 1122 3470 zu
1147 3421 1273 3484 ergtnzen
1290 3421 1326 3473 ist

253 3489 345 3556 gehdrt
356 3487 428 3553 elles,
442 3501 496 3538 was
509 3487 552 3539 eut
564 3487 606 3540 die
619 3485 763 3554 Stimmuug
813 3489 855 3540 ein
872 3487 999 3548 Verbum,
1024 3487 1074 3538 wie
1099 3493 1256 3540 eorueoutur
1280 3496 1326 3554 ert,

253 3557 298 3610 der
314 3555 418 3608 Riebter
435 3553 563 3606 Eiudruek
580 3555 679 3619 macht,
697 3569 763 3621 opus
813 3557 865 3624 vgl.
884 3559 908 3621 2,
926 3555 1138 3621 243Eiu1eitung
1157 3555 1181 3607 S.
1203 3559 1243 3608 13.

252 3653 285 3667 -
309 3624 432 3676 movendi
451 3623 572 3674 tudinem
595 3626 698 3674 animos
723 3621 762 3688 Vl,
848 3627 904 3678 tue.
935 3624 1096 3690 phroius—
1120 3625 1252 3688 emundat,
1284 3626 1327 3676 eiu

253 3695 277 3756 r,
297 3697 323 3753 13
344 3692 421 3746 dehiu
439 3691 530 3758 gehdrt
548 3689 614 3743 auch
631 3690 675 3753 (ib.
694 3694 718 3755 3,
738 3692 762 3754 1)
813 3691 972 3744 Bruchstdok
989 3691 1108 3754 Pinders,
1134 3691 1179 3744 des
1204 3692 1327 3758 uirgends

252 3761 350 3826 uirtus,
380 3775 448 3826 quur
473 3761 558 3810 ntum
583 3758 682 3810 indicto
709 3774 763 3809 mo·
813 3760 904 3812 weitsr
921 3760 1037 3812 eruihot
1053 3759 1125 3812 wird.

251 3828 335 3880 vendo
353 3835 378 3879 ot
394 3827 455 3879 ilice
472 3829 561 3878 trister
578 3826 659 3878 reduit
674 3825 763 3887 adiee-
850 3829 905 3879 110.
925 3833 1113 3891 tremuerrum,
1131 3828 1262 3880 seitwirts
1280 3829 1326 3880 ab·

253 3901 294 3946 tm
319 3901 345 3946 et
361 3899 480 3948 antonum
498 3896 531 3946 ab
553 3897 702 3946 intentione
719 3910 760 3945 rs·
814 3895 947 3948 weichend
987 3911 1038 3946 von
1077 3895 1135 3946 dem
1176 3896 1329 3963 bisherigeu
