2796 4608
242 291 282 352 20
624 287 730 342 csPur
748 289 765 342 1.
786 287 802 353 ἦ
824 289 930 340 12-17.

242 467 329 528 etiam
345 464 603 535 emmerammus,
619 461 671 539 qui
685 460 802 522 caedem
818 461 877 522 telo
894 477 1081 538 quocumque
1093 459 1316 521 commiserunt.

242 551 305 610 Alia
319 548 445 610 circuitu
458 548 616 608 verborum
632 546 762 624 plurium
774 546 966 618 ostendimus,
982 545 1068 622 quale
1083 553 1128 606 est
1142 552 1177 605 et
1191 545 1317 623 pressi

244 634 349 713 copia
372 633 494 693 lactis.
531 630 661 692 Plurima
676 649 746 692 vero
768 631 932 691 mutatione
947 630 1107 708 figuramus
1126 620 1215 691 ‘scio’
1238 622 1317 690 ‘non

243 709 362 798 ignoro'
378 711 491 778 et‘non
503 734 550 776 me
562 707 650 792 sugit'
666 709 780 777 et‘non
794 734 840 776 me
852 705 1006 794 praeterit'
1022 707 1139 793 et‘quis
1152 705 1272 776 nescit'?
1289 723 1320 774 et

194 813 222 864 lt
240 796 366 865 ‘nemini
381 800 503 866 dubium
519 791 582 862 est'.
613 800 671 862 Sed
686 801 775 861 etiam
790 821 825 862 ex
840 800 975 879 proximo
991 799 1119 860 mutuari
1134 800 1212 860 licet.
1242 799 1318 859 Nam

245 897 274 948 et
286 877 446 966 tintellego'
472 895 502 947 et
513 875 629 946 ‘sentio'
650 895 680 946 et
691 876 795 947 ‘rideo'
813 903 901 965 saepe
923 885 1000 946 idem
1015 885 1113 945 velent
1131 885 1209 964 quod
1221 875 1319 945 ‘soi0’.

245 973 378 1043 Quomm
402 972 488 1033 nohis
509 969 675 1032 ubertatem
698 989 732 1032 ae
748 971 861 1032 divitias
876 969 957 1029 dabit
971 969 1074 1043 lectio,
1097 977 1129 1030 ut
1145 988 1206 1030 non
1221 969 1321 1030 solum

194 1067 222 1118 14
245 1057 393 1135 quomodo
410 1064 585 1129 occurrent,
602 1057 757 1117 sedetiam
774 1055 923 1134 quomodo
939 1063 1070 1136 opprtet‚
1093 1062 1220 1116 utamur.
1250 1054 1320 1114 Non

245 1158 362 1220 semper
377 1142 456 1202 enim
470 1143 544 1202 haec
559 1140 640 1201 inter
654 1159 686 1201 se
702 1141 780 1201 idem
795 1139 924 1214 faciunt3
947 1157 1003 1199 nec
1025 1140 1102 1200 sicut
1116 1139 1152 1200 de
1166 1138 1322 1200 intellectu

245 1226 335 1286 animi
347 1234 427 1287 recte
443 1226 567 1288 dixerim
579 1215 697 1298 ‘video³‚
713 1225 751 1284 ita
767 1225 804 1284 de
818 1225 882 1285 visu
904 1224 1059 1284 oculorum
1072 1213 1245 1302 ‘intellego²‚
1263 1243 1323 1285 nec

195 1319 222 1370 15
244 1302 413 1372 ut‘mucro'
433 1311 577 1389 gladium,
600 1310 642 1370 sic
665 1327 839 1370 mucronem
861 1298 993 1388 ‘gladius'
1021 1309 1159 1370 ostendit.
1203 1307 1262 1368 Sed
1287 1317 1324 1368 ut

245 1397 330 1475 copia
344 1397 502 1457 verborum
519 1395 562 1455 sic
577 1401 713 1472 paratur,
735 1394 773 1454 ita
790 1413 851 1476 non
868 1393 1026 1454 verborum
1041 1401 1155 1454 tantum
1171 1393 1262 1471 gratia
1277 1393 1324 1454 le-

245 1482 374 1560 gendum
397 1481 443 1540 vel
465 1479 645 1539 audiendum
667 1487 720 1540 est.
751 1479 824 1538 Nam
840 1478 988 1552 omnium,
1013 1497 1217 1557 quaecumque
1232 1478 1325 1538 doce-

245 1583 326 1638 mus,
349 1566 407 1624 hoc
429 1572 499 1624 sunt
522 1563 656 1642 exempla
678 1563 848 1642 potentiora
870 1563 955 1623 etiam
973 1563 1044 1642 ipsis
1067 1580 1141 1641 quae
1163 1564 1327 1624 traduntur

246 1649 375 1722 artibus,
399 1667 466 1710 cum
484 1667 519 1708 eo
535 1648 587 1724 qui
602 1648 688 1710 discit
702 1648 864 1726 perductus
880 1656 939 1719 est,
964 1656 996 1710 ut
1017 1648 1189 1726 intellegere
1208 1667 1242 1708 ea
1257 1647 1326 1708 sine

247 1734 472 1793 demonstrante
488 1739 517 1792 et
532 1732 616 1809 sequi
631 1733 689 1792 iam
705 1733 766 1794 suis
780 1731 892 1792 viribus
907 1733 1016 1811 possit,
1033 1733 1109 1812 quia,
1126 1751 1201 1811 quae
1216 1732 1326 1793 doctor

248 1817 408 1896 praecepit,
426 1823 527 1876 orator
542 1817 681 1877 ostendit.

198 1911 226 1962 16
334 1901 396 1962 alia
419 1919 488 1962 vero
513 1901 661 1962 audientis
685 1901 740 1962 alia
762 1901 888 1980 legentis
911 1902 1003 1980 magis
1026 1901 1172 1962 adiuvant.
1209 1900 1330 1962 Excitat

248 1987 298 2064 qui
322 1987 393 2048 dicit
414 1986 518 2065 spiritu
535 1987 601 2064 ipso
618 2004 674 2046 nec
689 1981 840 2069 [imagine]
863 1985 975 2046 ambitu
991 2004 1091 2046 rerum
1107 1987 1158 2046 sed
1173 1985 1263 2047 rebus
1278 1986 1329 2045 in-

249 2072 357 2133 cendit.
387 2070 496 2131 Virunt
511 2071 611 2131 omnia
629 2070 708 2130 enim
724 2080 753 2132 et
765 2079 931 2142 moventur,
947 2070 1170 2148 excipimusque
1189 2087 1262 2130 nova
1278 2070 1330 2130 illa

247 2155 328 2216 velut
352 2155 501 2216 nascentia
525 2173 592 2215 cum
615 2156 715 2218 favore
731 2175 764 2218 ao
786 2153 992 2217 sollicitudine.
1024 2153 1085 2212 Nec
1100 2154 1219 2213 fortuna
1237 2153 1331 2214 modo

202 2252 231 2301 tt
252 2239 353 2300 iudicii
368 2241 418 2300 sed
435 2239 522 2300 etiam
537 2239 671 2318 ipsorum
691 2242 741 2320 qui
757 2248 844 2302 orant
859 2237 991 2316 periculo
1014 2235 1175 2296 adficimur.
1206 2237 1333 2298 Praeter

255 2325 329 2384 haec
342 2343 411 2400 vox,
434 2324 510 2384 actio
532 2324 639 2386 decora
654 2323 887 2393 accommodata,
910 2328 944 2379 ut
959 2319 1084 2398 quisque
1097 2321 1181 2380 locus
1196 2321 1334 2398 postula-

257 2458 316 2524 dat,
344 2459 415 2522 quod
437 2461 466 2509 in
487 2461 614 2524 proeium
636 2465 687 2522 eat,
713 2459 766 2506 aio:
853 2455 892 2504 14.
909 2450 1025 2514 faciunt.
1060 2451 1106 2504 Die
1123 2451 1276 2517 Bedeutung
1296 2453 1336 2504 ist

256 2541 352 2592 equum
370 2527 463 2578 diviua
481 2528 600 2579 Palladia
618 2531 676 2576 arte
694 2524 766 2574 aedi·
818 2520 1037 2586 gewissermalsen
1073 2521 1114 2574 die
1147 2518 1336 2572 Wirlrsamlteit

256 2593 347 2656 ficunt.
818 2587 879 2641 oder
897 2587 1046 2656 Tastigkeit
1063 2587 1107 2640 der
1124 2587 1233 2650 Wtrter,
1252 2587 1335 2640 daher

291 2677 454 2727 quocumque
470 2662 505 2714 ist
517 2661 660 2714 Pronomen
678 2655 768 2708 indefi·
817 2655 908 2718 facere
920 2657 946 2708 iu
959 2655 1054 2710 diesem
1065 2655 1143 2707 Sinne
1156 2657 1228 2708 nicht
1239 2656 1335 2720 seiten,

257 2727 353 2778 nilum:
371 2729 423 2793 vgl.
442 2731 457 2793 §
472 2733 528 2782 105.
548 2733 572 2793 7,
585 2731 608 2780 2.
636 2725 662 2778 S.
675 2724 769 2776 Einlei·
819 2723 965 2789 z.e.1x‚a‚
976 2727 1020 2774 ti:
1039 2739 1087 2772 nee
1102 2725 1183 2775 verba
1194 2724 1273 2775 modo
1285 2726 1337 2774 sed

257 2800 321 2860 tung
339 2793 366 2848 S.
386 2799 425 2846 14.
669 2793 672 2800 ’
820 2807 911 2842 tenuta
924 2807 1028 2856 quoque
1046 2791 1131 2842 idem
1149 2789 1335 2852 facientes.

293 2864 416 2926 circuitu,
434 2861 495 2928 Vlll,
505 2867 529 2928 6,
539 2867 571 2915 59
584 2861 708 2914 Pluribus
721 2877 768 2910 ou·
854 2860 976 2924 ostendit,
993 2852 1143 2910 ‘bedentet’.

258 2935 310 2980 tom
329 2931 415 2979 omlis
433 2945 492 2980 cum
510 2931 546 2996 id,
564 2929 636 2995 quod
651 2945 706 2980 uuo
720 2933 769 2980 out
856 2925 1103 2980 scitamentorum
1116 2933 1163 2978 oet.
1181 2926 1336 2978 Nichtblois

256 2999 432 3062 paucioribus
450 3005 519 3049 certe
538 2998 594 3048 dici
607 2999 704 3062 potest,
723 3013 769 3048 eco-
819 2995 863 3048 der
881 2993 970 3046 Worte
994 3009 1085 3060 wegeu
1111 2995 1160 3048 soll
1184 3009 1243 3046 man
1260 2993 1335 3046 lesen

256 3063 388 3128 plicatur,
402 3067 577 3130 periphrasin
594 3069 699 3128 uocaui,
718 3067 769 3116 cir-
820 3062 881 3116 oder
891 3062 979 3125 hdren,
989 3061 1098 3114 scudem
1108 3061 1154 3116 aui
1162 3061 1233 3125 alles,
1244 3062 1335 3114 wesin

248 3133 382 3182 eumitum
401 3133 532 3198 quendam
551 3131 700 3196 eloquendi.
820 3129 941 3182 Betraeht
958 3129 1069 3194 kommt,
1088 3131 1188 3194 achion,
1208 3127 1268 3181 weil
1282 3129 1336 3180 viel

283 3203 308 3248 et
325 3227 356 3236 -
379 3198 466 3263 iactis,
485 3197 560 3264 Verg.
579 3197 631 3250 Ecl.
652 3201 675 3264 1,
694 3201 734 3251 81.
820 3197 970 3250 wirksamer
989 3199 1027 3250 als
1045 3197 1217 3250 theoretische
1231 3195 1336 3248 Anwei-

284 3269 413 3330 mutatio,
432 3281 453 3317 s.
471 3265 511 3329 111,
531 3271 554 3330 3,
574 3268 606 3320 92
632 3267 770 3318 dissimili·
820 3281 886 3332 sung
898 3265 939 3318 die
950 3265 1127 3331 Anwendung‚
1140 3263 1279 3317 diePraxis
1291 3265 1336 3316 ist.

249 3335 368 3384 tudinem
379 3333 497 3384 ostendit
507 3335 651 3397 domiuum,
669 3351 768 3396 rerum,
854 3335 903 3386 ltoe
916 3333 980 3386 wird
997 3333 1076 3386 durch
1089 3333 1134 3385 das
1147 3331 1336 3398 naehlolgende

250 3399 396 3462 foetorum.
819 3405 883 3468 quia
901 3402 1108 3468 ausgenommen.

288 3471 327 3522 13.
340 3471 488 3520 ubertatem
501 3465 768 3532 aedivitiae,‘reiche
851 3473 917 3536 ipris
940 3471 974 3522 ist
1001 3486 1032 3524 zu
1056 3468 1195 3520 verbinden
1219 3467 1266 3534 mit
1290 3485 1336 3518 ar-

253 3530 342 3602 l'iille',
355 3538 397 3590 ein
409 3535 597 3602 Hendiadyoin;
614 3537 729 3588 divitiae
741 3538 767 3589 in
817 3540 896 3589 tibua

253 3605 449 3672 ribertregenem
468 3603 545 3655 Sinne
563 3620 611 3656 nur
629 3605 697 3656 noch
716 3605 766 3658 Gic.
853 3607 893 3660 16.
905 3607 1005 3671 spiritu
1015 3608 1082 3670 ipso,
1096 3604 1176 3658 sehon
1188 3601 1269 3654 durch
1283 3601 1337 3656 deu

253 3671 284 3724 de
298 3673 486 3738 eslcetot:
499 3675 663 3723 irroratione
679 3671 768 3726 Crassi
817 3672 970 3738 lebendigen
984 3672 1080 3735 Hauon,
1095 3672 1129 3722 im
1142 3671 1287 3736 Gegensetz
1302 3687 1336 3723 zu

254 3739 401 3791 divitiae
424 3744 504 3804 atque
527 3745 687 3792 ornamenta
710 3743 767 3791 eiua
818 3741 875 3792 dem
895 3743 967 3792 loten
985 3739 1159 3793 Buchstaben.

253 3809 357 3871 ingenii
380 3810 521 3874 perspeui:
549 3807 683 3862 vielleichl
710 3809 767 3862 dort
851 3810 974 3873 ambitus,
992 3811 1132 3858 ambitioso
1145 3822 1238 3858 rerum
1251 3822 1333 3872 eropo-
1383 3823 1384 3840 ¹

254 3873 300 3926 mit
317 3874 478 3942 Anspielung
501 3875 546 3928 ani
562 3876 610 3931 den
628 3875 766 3928 Reichtum
815 3879 885 3926 sitio.

254 3942 299 3994 des
318 3942 430 3996 Crassus.
851 3945 891 3996 17.
910 3946 995 4007 aetio,
1013 3943 1047 3994 im
1066 3957 1178 4009 engeren
1204 3941 1284 3994 Sinne
1304 3969 1339 3989 =
