2796 4608
254 269 294 332 72
646 272 753 326 curor
771 272 802 324 v.
820 273 836 338 s
854 275 929 328 aaa.

117 439 120 446 ’
215 459 231 510 4
338 447 396 509 Sed
420 455 449 508 et
464 446 512 508 illa
533 465 567 508 er
584 446 697 507 Latinis
720 445 874 512 conversio
892 445 1016 508 m'ultum
1033 445 1139 525 etipsa
1155 445 1328 507 contulerit.

255 535 297 595 ho
312 533 348 594 de
364 530 547 594 carminibus
563 531 680 611 quidem
694 531 844 592 neminem
856 530 945 592 oredo
957 530 1103 602 dubitare,
1120 548 1179 609 quo
1195 531 1258 591 solo
1274 550 1328 609 ge-

256 637 328 680 nere
344 617 562 679 exercitationis
578 617 685 678 dieitur
699 635 771 678 usus
787 635 851 678 esse
867 615 1024 698 Sulpicius.
1060 615 1131 676 Nam
1149 625 1178 676 et.
1193 615 1330 678 sublimis
1389 612 1390 652 l

255 703 376 784 spiritus
390 702 529 763 adtollere
545 701 710 763 orationem
725 710 832 782 potest,
848 709 876 761 et
890 701 978 762 verba
993 700 1108 781 poetica
1124 699 1259 762 libertate
1274 721 1330 762 au-

255 788 372 850 daciora
389 807 449 848 non
462 795 657 867 praesumunt
669 787 792 848 eandem
802 787 922 867 proprio
934 787 1051 848 dicendi
1063 786 1240 848 facultatem.
1267 787 1328 847 Sed

255 881 285 935 et
305 872 378 954 ipsis
398 872 553 934 sententiis
573 872 688 932 adicere
709 872 777 934 licet
798 872 959 933 oratorium
981 871 1075 932 robur
1090 879 1119 932 et
1134 871 1240 932 omissa
1255 891 1329 952 sup-

217 969 232 1018 5
254 957 337 1039 plere
352 966 382 1018 et
397 957 487 1019 effusa
503 955 715 1035 substringere.
726 987 734 1000 ·
744 957 847 1035 Neque
866 976 920 1036 ego
936 957 1136 1038 paraphrasim
1154 975 1218 1017 esse
1234 957 1330 1017 inter-

255 1041 450 1124 pretationem
466 1050 580 1104 tantum
595 1043 662 1102 volo
675 1041 725 1104 sed
737 1041 815 1102 eirca
828 1041 946 1102 eosdem
959 1059 1064 1103 sensns
1077 1050 1224 1102 certamen
1239 1051 1331 1121 atque

255 1127 490 1190 aemulationem.
520 1127 650 1206 Ideoque
665 1127 701 1188 ab
722 1126 779 1187 illis
802 1126 954 1200 dissentio,
977 1127 1026 1206 qui
1047 1134 1162 1187 vertere
1177 1127 1330 1188 orationes

255 1213 373 1276 Latinas
388 1221 494 1288 vetant,
511 1213 578 1292 quia
595 1211 713 1292 optimis
728 1210 888 1292 occupatis,
905 1212 1046 1292 quidquid
1062 1211 1146 1272 aliter
1157 1211 1331 1286 dixerimus,

255 1316 377 1360 necesse
399 1297 436 1358 sit
451 1317 515 1360 esse
533 1297 672 1358 deterius.
701 1295 774 1356 Nam
798 1314 895 1374 neque
915 1315 1032 1376 semper
1049 1305 1094 1357 est
1108 1296 1327 1376 desperandum

256 1383 365 1462 aliquid
380 1381 446 1457 illis,
470 1400 546 1461 quae
561 1381 638 1442 dicta
653 1389 732 1455 sunt,
754 1381 860 1442 melius
874 1400 962 1461 posse
976 1382 1117 1462 reperiri3
1141 1400 1238 1460 neque
1253 1381 1330 1443 adeo
1390 1409 1391 1422 ¹

254 1467 384 1530 ieiunam
400 1486 433 1528 ac
448 1484 610 1547 pauperem
621 1474 726 1526 natura
737 1465 935 1544 eloquentiam
948 1467 1025 1539 iecit
1042 1476 1075 1526 ut
1086 1486 1144 1528 una
1158 1467 1194 1527 de
1207 1485 1239 1526 re
1249 1467 1330 1528 hene

218 1563 233 1613 e
254 1553 311 1614 dici
324 1553 380 1613 nisi
393 1552 484 1612 semel
495 1569 557 1612 non
569 1551 671 1632 possit
700 1551 761 1612 Nisi
774 1552 849 1611 sorte
860 1551 1037 1613 histrionum
1049 1551 1140 1612 multa
1153 1551 1228 1612 eirca
1240 1571 1333 1614 voces

256 1637 372 1698 easdem
395 1637 507 1698 variare
531 1645 631 1716 gestus
652 1644 764 1716 potest:
787 1637 889 1697 orandi
913 1637 1010 1697 minor
1025 1637 1077 1712 vis,
1098 1645 1131 1698 ut
1145 1637 1258 1697 dicatur
1273 1637 1332 1697 ali-

256 1719 420 1809 quidqpost
435 1721 514 1800 quod
529 1721 560 1782 in
584 1720 685 1783 eadem
701 1722 821 1782 materia
843 1721 916 1782 nihil
931 1723 1088 1782 dicendum
1104 1722 1149 1783 sit.
1180 1721 1238 1781 Sed
1254 1730 1332 1798 esto,
1391 1740 1392 1830 p

255 1824 354 1885 neque
374 1805 480 1867 melius
501 1805 581 1886 quod
601 1806 768 1868 invenimus
789 1823 853 1866 esse
869 1825 967 1884 neque
982 1825 1049 1886 par:
1072 1817 1117 1868 est
1132 1814 1212 1868 certe
1228 1808 1332 1886 proxi·
1391 1833 1392 1856 i

219 1903 234 1951 a
255 1892 312 1954 mis
327 1891 420 1953 locus.
451 1892 496 1952 dn
512 1910 582 1954 vero
597 1891 653 1972 ipsi
669 1911 730 1952 non
747 1891 792 1952 his
806 1909 841 1951 ac
854 1891 972 1970 saepius
986 1891 1021 1951 de
1038 1891 1138 1954 eadem
1155 1891 1333 1953 redicimus

256 1985 285 2039 et
306 1976 424 2057 quidem
448 1977 606 2038 continuas
626 1993 852 2054 nonnumquam
876 1973 1059 2036 sententias?
1085 1977 1145 2038 Nisi
1161 1978 1238 2038 forte
1254 1995 1333 2038 cou-

255 2061 554 2124 tenderenobiseum
575 2078 742 2141 possumus,
763 2077 831 2120 cum
853 2060 915 2120 aliis
936 2079 996 2120 non
1019 2080 1186 2141 possumus.
1216 2061 1288 2122 Nam
1305 2063 1333 2124 si

254 2165 317 2209 uno
333 2163 443 2226 genere
458 2144 535 2206 bene
552 2145 709 2218 diceretur,
732 2146 775 2205 ias
791 2153 853 2205 erat
869 2145 1025 2206 existimari
1042 2147 1224 2226 praeclusam
1240 2146 1334 2209 nohis

256 2251 270 2292 a
286 2231 436 2311 prioribus
451 2230 526 2290 viam
532 2249 541 2307 ;
557 2247 639 2290 nunc
653 2249 724 2290 vero
740 2229 971 2291 innumerabiles
986 2240 1057 2291 sunt
1071 2233 1151 2293 modi
1167 2233 1333 2312 plurimae-

218 2325 233 2377 8
255 2333 313 2396 que
335 2314 438 2375 eodem
457 2314 521 2375 viae
536 2313 658 2375 ducunt.
703 2315 762 2376 Sua
783 2313 917 2376 brevitati
938 2315 1038 2394 gratia,
1064 2335 1114 2378 sua
1132 2319 1246 2398 copiae,
1273 2318 1335 2378 alia

153 2399 156 2410 '
248 2398 402 2462 'translatis
417 2399 517 2475 virtus,
533 2399 587 2460 alia
603 2401 742 2480 propriis,
757 2399 814 2461 hoc
830 2401 923 2462 oratio
936 2409 1026 2476 recta,
1042 2401 1114 2463 illud
1129 2405 1221 2482 ligura
1238 2404 1337 2464 decli·
1392 2457 1393 2472 ,

255 2494 322 2547 nata
339 2485 535 2547 commendat.
566 2485 632 2566 lpsa
655 2485 784 2566 denique
805 2485 957 2547 utilissima
974 2495 1017 2548 est
1032 2487 1235 2548 exercitationi
1251 2487 1338 2549 diffi-

256 2618 262 2625 ¹
289 2652 768 2706 l.ec1.atinieconoorsia.liielion-
818 2651 917 2705 deiisch
936 2654 1112 2719 hinzugeh'lgt‚
1130 2652 1181 2717 vgl.
1200 2649 1217 2712 1,
1241 2653 1279 2713 10,
1301 2657 1340 2707 6;

255 2719 384 2773 strulrtion
394 2721 439 2772 dee
449 2719 575 2773 Verbums
591 2722 653 2787 geht
668 2721 714 2774 aui
721 2721 767 2772 das
817 2723 872 2771 cisi
882 2720 955 2782 forte
965 2717 1123 2774 ἀντιδότουσ
1134 2718 1239 2784 quidem
1248 2747 1283 2756 —
1295 2738 1340 2774 σω

256 2787 451 2840 Substantivum
460 2789 563 2840 verbale
573 2789 643 2851 uber,
653 2789 706 2855 vgl.
717 2787 768 2853 vu,

257 2858 280 2921 2,
300 2859 331 2909 35
351 2872 385 2907 ea
403 2859 491 2907 caucia
504 2858 640 2922 probatio.

290 2927 400 2989 etipsa,
418 2923 609 2989 gewdhnlicher
625 2926 685 2988 ipsa
740 2939 767 2973 o-

256 3006 321 3058 que,
343 3005 386 3041 wo
403 3005 454 3042 ron
473 2991 555 3042 einern
573 2990 683 3041 aweiten
702 2939 768 3042 §gb-

252 3057 312 3124 jelrt
335 3057 454 3109 dasselbe
477 3061 616 3124 ausgesagt
638 3057 717 3122 wird,
739 3059 765 3109 in

257 3126 302 3180 der
318 3124 469 3191 Bedeutung
484 3118 658 3190 ‘gleiehialls',
675 3127 728 3192 vgl.
742 3131 766 3191 5,

256 3195 488 3256 20.c,1.r‚2o.

292 3261 435 3326 Sulpicius,
452 3275 474 3313 s.
495 3264 516 3327 l,
536 3263 592 3314 tto.

285 3333 471 3396 praesamant.
513 3327 559 3381 llie
580 3328 766 3382 Zurticlrbeaie·

255 3397 327 3463 hung
349 3395 395 3448 aui
415 3395 461 3448 das
485 3396 628 3450 handelnde
648 3396 765 3464 Suhjekt,

256 3464 297 3518 die
316 3467 389 3518 sanet
400 3468 465 3518 stete
477 3465 502 3517 in
512 3481 685 3532 praeminere
693 3466 765 3533 hefft,

256 3533 318 3601 geht
335 3532 390 3584 hier
408 3547 472 3600 gana
487 3533 611 3600 veriorem

291 3604 315 3656 6.
339 3599 494 3682 Nisi-aia.
520 3601 631 3682 hhnlich
640 3602 690 3654 wie
699 3601 765 3654 nach

255 3668 765 3816 attitulati.blidthrut

256 3819 298 3856 ern
311 3805 424 3870 amciter,
436 3820 480 3857 nm
492 3805 541 3858 den
552 3805 694 3873 Geqensatz
704 3805 766 3858 awi-

256 3872 334 3926 soheu
347 3875 506 3926 histrionum
519 3879 611 3939 gerim
622 3873 674 3926 nnd
687 3889 766 3925 orau-

256 3940 337 3992 diois
353 3941 439 3994 scheri
454 3942 671 4008 hervorzuhehen‚
689 3956 766 4008 asyn-

818 2789 909 2839 muitie
926 2817 959 2826 —
973 2789 1110 2851 effectibus
1122 2790 1245 2852 componi
1256 2789 1337 2839 oide-

817 2869 876 2906 mae
892 2883 925 2894 -
948 2861 975 2906 ei
996 2861 1071 2908 mata
1095 2854 1228 2906 animalia.
1242 2856 1336 2907 mellis

818 2922 895 2973 illam
918 2924 1103 2974 inimitabilem
1130 2925 1263 2974 humanae
1284 2941 1335 2976 ra-

820 2993 890 3040 tioni
908 3007 1030 3056 saporem
1047 3019 1081 3028 —
1097 2991 1257 3057 perficiunt:
1279 3009 1335 3042 nas

817 3060 987 3123 mirabimur,
1003 3062 1029 3110 ai
1047 3062 1137 3110 oratio
1153 3087 1187 3098 -
1202 3059 1334 3124 pluribus

817 3129 924 3177 artibus
942 3131 1025 3195 egeat.
1056 3127 1084 3192 ΙΙ,
1098 3131 1122 3192 a,
1134 3131 1164 3180 ὃς
1182 3125 1246 3178 Nisi
1257 3127 1334 3188 sorte

817 3195 904 3246 Iouem
914 3195 1020 3260 quidam
1029 3196 1139 3246 Phidias
1148 3199 1247 3262 optime
1255 3195 1333 3260 fecit,

816 3263 864 3314 iiia
883 3267 972 3314 autem
992 3291 1023 3300 -
1042 3265 1113 3315 alius
1130 3265 1225 3315 melias
1242 3265 1333 3315 elabo-

815 3335 906 3382 russei.

851 3403 1002 3450 esto-esse.
1014 3398 1072 3466 ligi.
1081 3399 1139 3451 llor.
1145 3398 1225 3466 Epist.
1231 3397 1249 3461 l,
1257 3401 1280 3462 1,
1288 3401 1332 3452 et.

851 3471 875 3521 Ἰ.
889 3467 1028 3532 plurimae
1045 3466 1332 3527 commodarunt,

816 3535 916 3588 scheint
944 3535 1164 3600 epriehwdrtliche
1186 3533 1333 3586 Redensart

817 3617 848 3655 zu
866 3618 931 3655 seru.

852 3673 876 3723 8.
895 3673 983 3722 eramo
1002 3675 1074 3721 recta
1092 3669 1127 3721 ist
1139 3669 1180 3721 die
1193 3669 1333 3734 schlichte‚

817 3738 934 3790 eintache
946 3737 1106 3803 Redeweise,
1119 3738 1171 3804 vql.
1186 3741 1208 3804 1,
1219 3741 1261 3802 tl,
1280 3736 1333 3790 Ge·

817 3809 922 3872 sensata
945 3805 1010 3858 dean
1035 3807 1069 3858 ist
1092 3811 1180 3858 irratio
1197 3807 1334 3871 amaram,

816 3875 869 3940 vgl.
887 3873 1004 3940 1x‚t,3:
1023 3878 1138 3940 atraque
1155 3890 1198 3926 rea
1216 3873 1332 3940 (Tropeu

816 3941 867 3993 und
887 3941 1006 4009 ligurem)
1029 3943 1061 3994 de
1077 3947 1152 3994 reeta
1170 3949 1195 3994 et
1211 3942 1336 4008 simplici
