2796 4608
254 273 295 336 “lt
629 280 736 334 onear
754 279 785 333 r.
802 281 819 346 s
839 282 946 334 ts-at

254 453 417 536 acceperit;
433 454 513 532 qnod
530 472 591 514 nou
607 461 652 514 est
665 453 773 516 inliniti
790 453 900 534 operis,
915 453 940 514 si
950 453 1057 516 docere
1068 453 1163 514 sciant
1177 461 1207 513 et
1221 452 1328 528 velint;

254 537 495 600 exercitationem
512 557 631 618 quoque
645 539 790 600 modicam
806 538 896 600 luerit
906 547 1093 612 consecutus,
1110 546 1257 600 oratorem
1271 538 1329 599 sibi

254 624 393 702 aliquem,
417 625 496 702 quod
517 625 594 702 apud
617 624 743 684 maiores
763 624 828 685 fleri
843 623 965 697 solebat,
984 623 1101 701 deligat,
1117 641 1205 702 quem
1221 641 1327 702 sequa-

253 716 313 782 tur,
329 726 417 787 quem
432 709 578 784 imitetur;
599 709 714 770 iudiciis
734 709 850 770 intersit
872 709 1110 788 quamplurimis
1131 718 1161 769 et
1181 709 1219 770 sit
1233 719 1328 769 certa-

203 801 232 852 ta
255 794 353 868 minis,
378 794 425 854 cui
441 793 614 866 destinatur,
636 795 779 872 frequens
800 801 957 873 spectator.
988 794 1063 854 Tum
1086 811 1188 854 causes
1203 793 1249 854 vel
1264 811 1326 856 eas·

255 881 331 952 dem,
354 897 428 957 quas
448 879 493 958 agi
514 879 648 952 audierit,
669 877 735 939 stilo
758 879 871 959 etipse
893 887 1063 958 componat,
1083 879 1128 940 vel
1149 878 1236 940 etiem
1258 879 1327 940 alias

254 981 337 1025 veras
358 963 445 1024 modo
467 973 497 1024 et
518 965 667 1042 utrimque
689 971 794 1025 tractet
816 973 854 1036 et,
876 964 956 1042 quod
978 963 1008 1025 in
1030 963 1240 1043 gladiatoribus
1264 965 1327 1025 fieri

253 1049 396 1122 videmus,
417 1049 590 1110 decretoriis
611 1061 794 1122 exerceatur,
817 1058 850 1110 ut
871 1049 975 1110 iecisse
990 1049 1114 1110 Brutum
1132 1049 1258 1110 diximus
1271 1067 1327 1128 pro

254 1133 373 1195 Milone.
414 1133 517 1196 illelius
537 1135 594 1195 boc
613 1153 701 1212 quam
724 1134 887 1195 rescribere
908 1133 1058 1196 veteribus
1081 1133 1274 1208 orationibus,
1295 1143 1328 1194 ut

255 1219 325 1280 iecit
340 1219 453 1280 Cestius
468 1228 573 1280 contra
589 1218 740 1280 Ciceronis
756 1219 902 1280 actionem
914 1219 1041 1280 habitam
1057 1238 1113 1299 pro
1129 1220 1243 1293 eodem,
1259 1237 1327 1280 cum

255 1304 376 1364 alteram
392 1313 505 1384 partem
522 1305 592 1365 satis
608 1322 696 1364 nosse
711 1323 772 1365 non
788 1313 890 1384 posset
904 1323 939 1364 ex
955 1305 1016 1365 sola
1030 1305 1214 1366 defensione.

202 1395 231 1446 m
340 1389 432 1451 Citius
442 1398 541 1449 autem
553 1389 680 1449 idoneus
691 1389 748 1449 erit
760 1389 885 1462 iuvenis,
901 1407 989 1467 quem
1005 1399 1182 1470 praeceptor
1197 1389 1324 1468 coegerit
1389 1367 1390 1406 ¹

254 1474 283 1534 in
300 1474 492 1534 declamando
508 1491 595 1552 mam
611 1473 792 1535 simillimum
807 1493 872 1535 esse
886 1475 1001 1535 veritati
1016 1483 1046 1535 et
1056 1493 1112 1554 per
1122 1483 1198 1535 totas
1210 1475 1254 1535 ire
1265 1493 1328 1535 ma·

253 1559 352 1631 terias,
375 1577 500 1637 quarum
523 1577 605 1619 nunc
627 1559 762 1620 iacillima
784 1569 814 1620 et
827 1560 953 1620 maxime
968 1559 1136 1620 favorabilia
1152 1561 1327 1638 decerpunt.

255 1642 382 1706 Obstant
396 1643 475 1716 buic,
491 1643 571 1722 quod
586 1645 717 1705 secundo
732 1645 799 1706 loco
812 1645 911 1724 posui,
934 1646 997 1705 lere
1011 1645 1098 1706 turba
1113 1645 1327 1725 discipulorum

254 1736 284 1788 et
294 1727 478 1789 consuetudo
490 1729 626 1790 classium
638 1730 726 1792 certis
737 1730 841 1792 diebus
851 1730 1076 1804 audiendarum,
1088 1730 1226 1791 nonnibil
1240 1729 1328 1791 etiam

254 1913 416 1977 impetrauit,
430 1916 462 1961 ut
471 1911 603 1962 iudicium
615 1929 650 1963 ers
660 1911 724 1973 fora
735 1915 766 1962 ira
816 1911 928 1963 liemare
944 1915 996 1963 ista
1015 1911 1117 1964 bueria
1136 1927 1222 1977 ormo,
1240 1913 1330 1964 deere-

254 1980 391 2031 basilicam
409 1978 613 2040 transferretur.
816 1983 894 2032 tortis
912 1995 978 2046 opus
996 1985 1041 2032 est.

291 2050 330 2100 19.
349 2047 576 2113 quod-solebat,
593 2063 615 2098 s.
628 2045 688 2100 Tac.
700 2046 765 2100 Diei.
851 2048 980 2114 diuinus,
999 2053 1022 2113 l,
1039 2050 1080 2102 23.

254 2117 300 2168 34ε
328 2115 403 2180 Ergo
430 2115 504 2181 apud
525 2119 639 2166 maiores
660 2121 766 2167 nostros
850 2119 995 2167 rescribere
1012 2145 1045 2155 —
1070 2117 1252 2182 orationibus,
1275 2118 1329 2182 vgl.

253 2185 357 2234 iuvenis
373 2183 432 2247 ille,
458 2186 505 2248 qui
520 2182 584 2243 foro
602 2188 628 2233 et
644 2184 766 2249 eloquun-
817 2182 890 2236 Suet.
909 2183 987 2250 Galig.
1007 2187 1048 2238 33.

254 2254 308 2302 ttae
326 2253 493 2316 parabatur,
513 2253 630 2301 imbutus
647 2254 702 2302 iam
720 2251 765 2302 do·
853 2252 962 2314 Cestius,
980 2252 1007 2304 L.
1021 2251 1090 2316 Pius,
1103 2252 1144 2305 ein
1157 2251 1330 2317 griecbiseber

253 2322 362 2369 mastica
381 2318 532 2385 disciplina,
553 2318 670 2379 refertus
687 2321 766 2371 bone-
817 2319 913 2372 Rbetor
930 2321 964 2372 im
986 2321 1103 2387 dnlange
1121 2320 1167 2372 der
1178 2318 1330 2384 litiseraeit,

252 2389 300 2437 stis
326 2386 423 2438 studiis
446 2387 626 2438 deducebatur
649 2393 767 2454 epatre
817 2388 862 2440 der
885 2404 932 2440 nur
954 2389 1087 2441 lateioiecb
1112 2391 1226 2454 vortrug.
1267 2387 1331 2440 Dae·

253 2454 296 2505 vel
318 2472 334 2506 a
356 2457 518 2521 propinquis
538 2455 576 2508 ad
598 2471 657 2506 euna
677 2461 767 2508 orata·
817 2457 1027 2509 selbebericbtet
1043 2473 1094 2509 von
1110 2456 1168 2508 dem
1180 2454 1270 2510 Kaiser
1283 2455 1332 2508 Ga-

252 2539 316 2587 rem,
335 2525 382 2588 qui
396 2526 547 2590 prinoipem
564 2527 594 2574 in
606 2527 716 2575 civitate
728 2525 765 2575 lo·
816 2525 895 2590 ligula
914 2523 985 2577 Suet.
1004 2525 1083 2592 Galig.
1102 2527 1142 2578 53.

253 2607 312 2642 mana
321 2593 464 2643 obtinebat.
490 2592 682 2658 Hunoseetori,
695 2595 766 2644 buno
851 2595 891 2645 tt.
908 2593 1081 2659 formabilia,
1100 2593 1141 2645 bei
1154 2593 1240 2644 Cicero
1257 2594 1334 2645 niobt

249 2663 387 2726 prosequi,
406 2661 486 2710 buius
503 2662 625 2711 erunibus
639 2662 765 2712 dictioni-
816 2660 842 2711 in
862 2660 1004 2713 Gebraucb.

254 2730 301 2779 bus
318 2731 452 2793 interesse,
469 2730 524 2780 siue
541 2731 571 2778 in
589 2729 698 2780 iudiciis
709 2732 765 2779 siae
849 2730 965 2780 secundo
984 2730 1050 2795 loeo,
1068 2729 1180 2781 ntimliob
1194 2745 1245 2796 per
1258 2733 1333 2780 tatas

253 2799 281 2845 in
295 2798 477 2861 concionibus,
489 2796 670 2861 adsueseebat,
683 2800 723 2847 ita
735 2801 766 2847 ut
816 2799 857 2848 ire
873 2800 1011 2850 materias.

253 2863 442 2915 altereationes
465 2879 569 2930 queam
587 2867 723 2930 sosiperet
739 2869 765 2915 et
850 2866 987 2932 classium,
1010 2865 1037 2916 in
1062 2864 1159 2917 diesem
1179 2862 1258 2916 Sinne
1276 2869 1333 2916 erst

252 2934 352 2996 iurgiis
375 2935 514 2982 interesset
534 2936 616 2996 utque
632 2937 671 2982 ste
689 2933 764 2984 diae·
815 2933 841 2983 in
853 2933 898 2985 der
910 2934 1028 3000 spitesen
1038 2932 1102 2997 zeta,
1114 2933 1156 2984 bei
1170 2931 1255 2992 Quint
1266 2933 1334 2983 eini-

252 3000 764 3122 tittttttttttdttl²tdttsst
815 3000 1334 3135 titulatbtiilidttt
1390 3057 1391 3080 Ν

253 3134 323 3188 Brut.
342 3133 411 3188 solt.
815 3139 966 3204 captoribus
981 3140 1047 3188 meis
1063 3153 1178 3202 morem,
1203 3140 1252 3203 qui
1269 3153 1333 3188 eram
1390 3149 1391 3204 ζ

288 3207 328 3256 20.
356 3203 583 3269 quas-audierit,
600 3203 617 3255 i.
627 3219 649 3256 e.
668 3207 764 3270 quibus
812 3221 912 3272 pueros
938 3208 968 3255 in
999 3207 1095 3256 classes
1124 3206 1333 3269 distribuerant,

252 3272 366 3337 agendis
382 3269 548 3330 interfuerit.
815 3273 937 3324 ordinem
960 3274 1068 3325 dicendi
1087 3274 1233 3324 secundum
1257 3277 1333 3324 eires

286 3343 429 3405 utrimque,
447 3353 499 3390 von
513 3338 571 3390 dem
584 3339 763 3406 Standpunlste
816 3342 923 3405 dabant,
941 3345 1018 3392 atita
1028 3344 1169 3407 superiore
1181 3343 1239 3394 loeo
1258 3346 1333 3408 quis

252 3407 298 3458 des
307 3406 452 3471 Aukligers
464 3406 515 3458 and
527 3407 573 3460 des
583 3407 763 3474 Verteidigers.
816 3425 866 3476 pus
875 3410 1050 3474 declamabat,
1058 3410 1259 3475 uipraeeedere
1264 3425 1334 3476 pre·

286 3475 457 3536 decretoriis,
487 3476 688 3528 substantiviseb
717 3476 764 3527 mit
814 3478 889 3539 festu
906 3478 1056 3529 uidebatur.
1092 3479 1180 3530 Huius
1195 3480 1238 3529 rei
1255 3478 1331 3528 iudi-

252 3547 355 3595 emsten
374 3541 486 3608 Wail‘en,
510 3544 627 3610 soleben,
651 3544 692 3596 die
713 3544 763 3596 den
816 3548 1081 3611 otapraebebantur:
1100 3563 1131 3598 ea
1143 3549 1221 3598 nabis
1232 3548 1333 3611 ingens

252 3609 397 3677 Aussobleg
412 3610 502 3677 geben.
524 3612 635 3664 Abnliob
651 3611 692 3676 Vl,
702 3615 762 3677 l,6:
811 3615 913 3680 palma,
931 3614 1029 3665 ducere
1046 3615 1231 3666 associassent
1243 3615 1333 3666 multa

248 3693 423 3746 pugnansque
438 3679 513 3731 illam
525 3681 703 3732 demetoriorn
714 3683 763 3730 im·
812 3682 1032 3748 pulcherrimum.

251 3749 346 3812 peritis
368 3763 400 3799 ac
422 3764 500 3814 saepe
522 3748 641 3814 pullatae
669 3751 763 3800 turbae
849 3752 929 3800 certis
946 3750 1038 3801 diebus
1050 3750 1257 3815 audiendarum,
1276 3749 1333 3816 vgl.

252 3814 415 3882 relinquunt,
427 3815 480 3868 und
493 3816 535 3867 bei
545 3815 615 3868 Suet.
626 3815 706 3883 Galia.
717 3819 762 3869 bl:
813 3817 840 3870 ll.
852 3821 876 3882 l,
885 3821 911 3870 1:
931 3817 1003 3870 iilud
1014 3835 1049 3869 au
1061 3818 1252 3870 consortudine
1271 3833 1335 3869 rnu-

248 3886 430 3950 pugnatorto,
454 3884 489 3934 im
507 3882 650 3950 (legerenta
673 3897 705 3936 au
724 3886 763 3935 lu·
815 3887 926 3937 tandum
945 3901 1063 3952 prorsus
1085 3889 1209 3938 arietinae
1228 3889 1257 3936 in
1286 3889 1335 3952 tis,

252 3951 395 4018 soria,rgl.
408 3951 434 4002 b.
446 3949 543 4002 Seneca
554 3949 634 4017 Epist.
647 3955 761 4018 117,25:
814 3954 846 4005 de
864 3957 960 4020 puibus
977 3970 1050 4006 nunc
1068 3955 1235 4020 disserimus,
1255 3959 1336 4006 oeta·
