2796 4608
471 271 578 324 33333
593 271 627 325 3.
646 273 672 340 s,
685 275 755 327 1-a.

525 513 635 588 Garun
661 514 698 588 V.

318 665 432 750 duan
461 663 702 738 scaturiunt
728 663 906 739 ΜΑΧΙΜΕ

157 833 328 894 Proximum
341 841 393 907 est
405 842 437 892 ut
450 833 589 907 dieamus
603 835 918 915 quaepraecipue
937 835 1144 901 scribenda
1168 850 1180 900 t

70 917 150 980 sint
178 915 244 994 ἕξιν
270 879 451 1015 parantibus.
496 917 562 980 Noa
583 931 623 980 est
648 918 733 992 huius
755 917 874 998 quidem
895 923 1009 1002 operis,
1036 932 1069 985 ut
1093 943 1144 986 ex·
1202 951 1204 957 ·

70 1005 226 1084 plicemus,
243 1022 316 1082 quae
332 1003 391 1065 sint
398 1003 553 1078 materiae,
575 1023 650 1083 quae
672 1003 765 1084 prima
786 1015 836 1066 aut
851 1007 980 1068 secunda
996 1009 1144 1070 33131313-

70 1097 176 1168 cepst
164 1086 314 1150 1333133313
335 1088 409 1164 3131;
438 1107 505 1148 nam
532 1088 561 1148 id
581 1089 689 1150 lactum
710 1099 754 1150 est
775 1089 833 1150 iam
854 1089 950 1170 primo
971 1091 1057 1168 libro,
1085 1113 1144 1174 quo

69 1192 244 1254 puerorum,
262 1182 290 1234 et
305 1173 445 1248 secundo,
467 1193 526 1252 quo
548 1173 603 1234 iam
619 1173 810 1235 robustorum
826 1175 930 1236 studiis
945 1177 1077 1239 ordinem
1094 1179 1145 1240 de·
1203 1201 1206 1212 ¹

70 1260 183 1334 dimus;
199 1259 260 1332 sed,
276 1259 311 1320 de
328 1277 386 1338 quo
404 1275 485 1319 nunc
500 1258 605 1339 agitur,
627 1260 706 1320 unde
728 1260 812 1340 copia
832 1278 866 1320 ac
882 1261 1004 1322 facilitas
1019 1263 1144 1326 maxime

69 1343 176 1404 veniat.

156 1427 277 1488 Vertere
289 1427 422 1489 Graeca
415 1449 445 1490 in
459 1429 597 1489 Latinum
612 1438 726 1490 veteres
741 1430 836 1490 nostri
852 1439 1017 1494 oratoreso
1000 1431 1185 1512 optimum
1168 1444 1181 1493 1

72 1513 249 1575 iudicabant.
280 1509 311 1574 ld
328 1513 407 1574 seL.
424 1513 572 1575 Crassus
564 1533 595 1574 m
611 1513 668 1575 illis
684 1513 835 1576 Ciceronis
856 1517 892 1577 de
917 1515 1040 1578 Oratore
1061 1517 1144 1580 libris

71 1599 142 1660 dicit
157 1599 238 1658 133111
226 1607 312 1659 ta.sse
343 1599 375 1660 ld
392 1597 494 1660 Cicero
511 1617 563 1660 sua
579 1597 641 1678 ipse
662 1618 788 1678 persona
804 1601 1043 1680 frequentissime
1059 1621 1144 1682 prae·

72 1685 153 1764 cipit,
175 1683 246 1762 quin
269 1683 356 1744 etiam
377 1681 469 1745 libros
491 1683 622 1744 Platonis
641 1692 730 1762 atque
751 1684 958 1765 Xenophontis
980 1687 1069 1749 edidit
1087 1689 1144 1752 hoc

71 1787 181 1866 genere
202 1768 368 1830 translatos.
406 1767 438 1829 ld
460 1769 598 1829 Messalae
620 1767 739 1848 placuit,
767 1770 935 1867 multaeque
956 1782 1027 1833 sunt
1048 1772 1084 1834 ab
1109 1794 1142 1836 eo

71 1855 163 1934 script
164 1872 198 1913 ae
152 1853 257 1914 tad
277 1853 358 1916 hunc
379 1853 500 1914 modurn
516 1851 675 1927 orationes,
698 1854 770 1914 adeo
786 1862 820 1916 ut
834 1855 920 1916 etiam
937 1875 1004 1918 cum
1020 1857 1067 1918 illa
1083 1853 1144 1938 Hy·

71 1939 180 2018 peridis
201 1957 255 2017 pro
278 1936 395 2020 Phryne
418 1939 586 2000 difficillima
604 1937 745 2000 Romanis
761 1938 921 2000 subtilitate
939 1939 1141 2002 contenderat

71 2025 109 2084 Et
123 2023 277 2086 3333113313
292 2033 336 2085 331
354 2025 571 2086 exercitationis
593 2023 716 2086 huiusce
731 2025 815 2086 ratio.
844 2023 917 2086 Nam
934 2034 1180 2086 3133333333

71 2110 117 2188 pia
134 2107 238 2170 Graeci
253 2119 388 2170 auctores
404 2109 557 2170 abundant
578 2118 607 2170 et
628 2108 788 2188 plurimum
805 2109 875 2172 artis
894 2110 926 2172 in
943 2110 1143 2190 eloquentiam

71 2193 246 2265 intulerunt,
263 2195 360 2255 ethos
379 2193 627 2256 transferentibus
647 2193 745 2255 verbis
760 2195 802 2256 uti
818 2195 936 2274 optimis
951 2195 1030 2271 licet,
1046 2197 1143 2258 omni·

70 2281 127 2340 hus
141 2278 220 2340 enim
238 2279 349 2340 utimur
363 2281 482 2340 nostris.
512 2277 636 2358 Figuras
659 2299 738 2354 vero,
755 2279 863 2360 quihus
878 2281 1003 2342 maxime
1020 2291 1144 2344 ornatur

71 2365 174 2437 oratio,
196 2365 304 2425 multas
326 2365 474 2425 33333133
497 2363 683 2442 excogitandi
705 2363 792 2426 etiam
815 2367 975 2428 necessitas
999 2367 1142 2446 quaedam

69 2457 122 2524 est,
139 2447 208 2528 quia
223 2449 398 2528 plerumque
415 2468 430 2508 a
446 2448 565 2510 Graecis
581 2447 714 2509 Romana
729 2449 916 2511 dissentiunt.

105 2587 126 2636 1.
151 2585 330 2647 robustorum,
348 2581 400 2648 agl.
421 2586 442 2645 1,
465 2584 519 2634 tao.
664 2581 859 2646 Xenophontis,
884 2597 935 2632 von
953 2581 1049 2633 diesem
1067 2582 1143 2634 iiber·

103 2654 125 2702 2.
145 2651 177 2702 de
196 2650 411 2712 0331333111313,
430 2649 447 2714 1,
461 2652 501 2714 31,
520 2654 578 2702 155:
630 2651 710 2701 331313
729 2648 822 2700 erden
841 2648 1034 2702 Oeconomicus.

68 2721 162 2772 Postea
172 2721 240 2770 mihi
244 2719 351 2784 placuit
359 2735 441 2784 eoque
449 2733 506 2769 aum
516 2733 580 2768 333313
664 2716 839 2782 1133331333.
859 2721 882 2780 1,
902 2717 958 2770 113.

68 2787 233 2849 adolescens,
256 2791 288 2838 oi
310 2801 473 2838 summorum
492 2791 580 2837 orato·
663 2755 853 2864 Hyperidae.
874 2756 896 2849 1,
914 2789 954 2838 it.

67 2871 129 2906 rum
139 2854 255 2906 13333333
264 2857 399 2906 3331333133
408 2857 578 2920 cepheorum
664 2855 779 2920 Phryne,
797 2867 855 2904 erne
866 2852 967 2918 Hetare
986 2853 1085 2906 welche
1097 2854 1142 2907 der

69 2924 171 2987 Quibm
188 2925 262 2974 133113
280 2925 329 2974 doe
345 2923 523 2990 adsequedar,
540 2925 579 2988 331,
629 2915 740 2990 ἀσέβεια
758 2920 897 2988 angeklagt
915 2935 976 2976 war.
1006 2909 1141 2976 sibenden

67 3007 130 3043 cum
143 3007 181 3056 33,
198 3005 267 3056 quoa
279 2992 395 3056 13333333
409 2991 515 3053 Graece,
528 2991 580 3042 Lo·
631 2989 739 3042 Proteos
756 2989 807 3056 agl.
826 2989 853 3055 11,
870 2993 907 3054 11,
921 2992 948 3042 9:
967 2991 1005 3042 Ei
1015 2992 1141 3059 Phrynen

67 3059 285 3124 1133331133333,
303 3075 358 3110 oon
375 3061 460 3111 solum
473 3062 580 3126 optimis
630 3075 684 3110 non
697 3058 842 3126 Hyperidis
858 3027 963 3110 actione
980 3073 1141 3126 quamquam

68 3097 296 3178 331133133311
314 3133 401 3178 tamon
413 3131 522 3179 33113113
533 3128 581 3178 sed
631 3126 850 3190 admininistrat
861 3132 1002 3193 conspeetu
1012 3131 1141 3193 corporis,

67 3199 151 3246 eiiam
168 3199 345 3262 caprimontem
358 3197 580 3261 quoodomoerbo
631 3195 703 3260 quod
723 3194 772 3244 1113
794 3197 1015 3258 speciosissimum
1040 3196 1142 3261 alioqui

67 3265 202 3316 imitando
202 3279 365 3330 ,qaiaenooa
378 3267 579 3327 commeassent,
631 3262 741 3314 diducta
759 3262 903 3314 nudaverit
920 3267 1012 3314 1331133
1018 3267 1142 3330 ,pulani

68 3303 210 3383 dummodti
229 3337 314 3382 333331
329 3332 434 3382 idonea.
629 3329 750 3396 periculo
768 3329 917 3382 1113331333.

104 3401 390 3466 tiemo-praecopii
417 3398 578 3460 3133813113
665 3400 689 3452 3.
706 3397 1034 3464 3331313,ρι·3111331131331ι;
1048 3397 1142 3452 133113

69 3483 111 3520 wo
130 3468 218 3520 Cicero
242 3467 296 3520 dies
318 3466 495 3519 ausdrdclilich
514 3467 579 3530 thui,
631 3465 739 3532 lilimng
751 3465 914 3532 ergiebtsich
925 3467 1020 3532 ans§5
1035 3469 1141 3533 optimis

68 3537 103 3588 131
120 3534 580 3598 31311331333311333133,31338133-
633 3535 777 3600 occupatio.

69 3603 138 3656 dium
151 3604 196 3656 des
209 3603 388 3656 Griechischeo
405 3573 536 3670 enipfiehlt
553 3617 580 3654 er
665 3601 778 3666 11633333.
795 3601 841 3654 llic
849 3601 941 3668 ligero
951 3600 1045 3653 33131331
1055 3599 1140 3660 Quint

68 3673 103 3724 ian
121 3671 238 3738 hulango
260 3672 304 3724 der
321 3667 421 3724 Bdcher
439 3671 470 3723 de
487 3668 580 3724 31113113
631 3669 923 3733 thimiamaterium
938 3669 1142 3750 3333133333-

69 3741 121 3792 nod
141 3741 172 3792 de
189 3739 292 3792 finibus
632 3739 714 3789 tionis
737 3743 838 3790 remoto
859 3755 876 3790 o
894 3738 1027 3789 communi
1043 3741 1069 3788 31
1081 3738 1141 3802 pri-

103 3809 231 3860 Ploiom'a.
268 3807 324 3859 Von
348 3807 401 3859 ihm
423 3807 467 3858 hat
491 3807 579 3859 Cicero
631 3819 703 3856 mam
726 3821 754 3856 33
777 3806 905 3868 offerente
927 3803 1041 3856 33113313.
1083 3803 1142 3858 Hier

70 3875 119 3929 den
141 3875 312 3928 1133133331
334 3873 487 3942 Protagoras
504 3875 580 3928 iiber·
632 3873 687 3926 sind
706 3873 747 3994 dle
766 3872 978 3940 grammatischon
996 3873 1030 3938 (1,
1048 3875 1089 3938 ll)
1108 3889 1141 3926 nn

70 3949 144 3998 setzt.
631 3947 716 3996 333313
734 3957 759 3994 n.
