2796 4608
454 242 617 332 urrunnu
635 246 652 310 ᾖ
671 246 743 298 1-6.
1092 240 1132 301 63

59 427 136 492 tore,
152 418 333 499 adsignando
349 420 489 482 iudicium
505 439 593 484 suurn
608 439 676 482 cum
691 420 768 482 illius
779 420 953 482 auctoritate
968 415 1130 479 coniunxit.

58 501 258 566 Scribenduxn
274 524 345 590 ergo
361 523 448 585 quam
462 505 687 586 diligentissime
709 513 738 568 et
754 524 841 585 quam
859 504 1029 584 plurimmn.
1059 501 1132 561 Nam
1154 510 1168 562 ²

59 599 93 650 ut
108 597 187 650 terra
202 590 258 650 alte
274 590 379 652 ellossa
400 591 578 670 generandis
600 591 772 672 alendisque
792 589 955 651 seminibus
975 584 1132 650 fecundior

58 675 107 748 ut,
122 673 166 734 sic
181 676 333 754 proiectus
348 695 409 736 non
425 693 442 735 a
457 693 572 738 summo
590 675 700 754 petitus
711 677 876 738 studiorum
890 676 1005 736 lructus
1020 681 1050 734 et
1062 673 1132 734 lurr-

59 759 104 820 dit
119 757 241 822 uberius
257 771 286 822 et
300 760 415 822 fidelius
430 762 573 822 continet.
604 761 678 822 Nam
692 762 756 822 sine
771 762 826 822 hac
842 759 961 840 quidem
976 757 1132 822 conscien-

59 844 101 906 tia
116 843 179 924 ipsa
194 843 241 906 illa
257 864 293 906 ex
308 853 441 925 tempore
457 846 574 908 dicendi
594 845 714 908 incultas
733 846 853 907 inanem
867 846 957 906 modo
971 841 1132 924 loquacite-

60 939 120 990 tem
138 928 218 990 dabit
233 940 262 992 et
276 929 365 990 verba
379 931 410 992 in
427 931 517 992 labris
537 931 698 993 nascentia.
728 929 792 994 lllic
806 929 929 1005 radices,
952 930 1011 991 illic
1026 928 1131 990 lunda·
1152 935 1168 983 3

58 1022 163 1076 menta
177 1023 257 1088 sunt,
279 1015 338 1076 illic
358 1033 429 1096 opes
449 1016 528 1078 velut
549 1016 696 1078 sanatione
710 1015 837 1094 quodem
859 1014 971 1076 aerario
988 1013 1132 1086 conditae,

58 1098 143 1162 unde
158 1099 195 1164 ad
209 1099 322 1162 suhites
334 1119 453 1180 quoque
464 1119 559 1175 casus,
579 1119 647 1164 cum
658 1119 708 1164 res
717 1101 823 1181 exiget,
835 1100 1034 1180 proferantur.
1050 1099 1134 1158 Vires

58 1183 205 1244 faciamus
220 1193 288 1246 ante
309 1186 416 1260 omnia,
439 1205 513 1264 quee
535 1187 685 1248 sufficiant
701 1187 795 1248 labori
817 1185 1013 1248 certaminum
1034 1193 1064 1245 et
1078 1199 1133 1244 usu

61 1287 126 1330 non
143 1269 362 1336 exhauriantur.
392 1271 470 1332 Nihil
485 1272 564 1334 enim
580 1291 680 1334 rerum
696 1272 758 1352 ipsa
770 1279 873 1332 natura
888 1269 980 1331 roluit
994 1284 1135 1349 magnum
1156 1275 1172 1327 4

61 1353 141 1414 effici
157 1353 214 1414 cito
230 1356 459 1440 praeposuitque
481 1357 680 1435 pulcherrimo
695 1357 804 1435 cuique
818 1355 902 1436 operi
917 1354 1133 1426 difficultatem

63 1456 140 1517 quae
161 1440 302 1500 nascendi
322 1459 442 1519 quoque
460 1443 537 1502 hanc
557 1443 661 1502 lecerit
681 1441 787 1521 legem,
809 1450 842 1502 ut
862 1441 973 1502 maiora
998 1437 1134 1500 animalia

63 1523 175 1586 diutius
189 1524 350 1588 visceribus
364 1527 496 1604 parentis
511 1527 745 1588 continerentur.

152 1609 208 1670 Sed
221 1627 289 1670 cum
299 1611 337 1672 sit
348 1611 456 1690 duplex
468 1612 609 1690 quaestio,
622 1613 770 1690 quomodo
783 1619 812 1672 et
822 1629 898 1689 quae
908 1610 1033 1672 maxime
1044 1608 1133 1686 sculpi

65 1704 210 1772 oporteat,
233 1695 290 1756 iam
313 1696 383 1757 hinc
407 1696 541 1758 ordinem
563 1713 679 1775 sequar.
710 1697 754 1758 Sit
767 1697 866 1775 primo
888 1697 932 1756 vel
947 1695 1048 1756 turdus
1062 1693 1133 1754 dnm
1155 1699 1170 1748 5

65 1777 192 1857 diligens
214 1781 306 1854 stilus,
328 1799 503 1859 quaeramus
524 1782 634 1860 optima
655 1799 711 1842 nec
731 1781 870 1861 protinus
893 1779 1087 1842 offerentibus
1102 1797 1133 1839 se

66 1865 254 1950 gaudeamus,
281 1866 454 1928 adhibeatur
481 1867 620 1928 iudicium
646 1867 790 1940 inventis,
816 1865 967 1945 dispositio
993 1863 1133 1943 probatis.

66 1949 204 2012 Deiectus
219 1951 299 2012 enirn
314 1969 414 2012 rerum
436 1951 653 2031 verborumque
669 1952 801 2030 agendus
823 1960 868 2012 est
882 1959 911 2012 et
925 1948 1058 2028 pondera
1072 1947 1134 2010 sin·

66 2033 205 2112 gulorum
220 2036 423 2098 examinanda.
453 2038 521 2098 Post
532 2037 636 2098 subeat
646 2037 721 2100 ratio
733 2035 909 2098 conlocandi
920 2041 1134 2112 versenturque

67 2119 149 2180 omni
164 2120 253 2180 modo
269 2122 394 2195 numeri,
415 2141 476 2184 non
499 2131 532 2182 ut
552 2122 691 2202 quodque
713 2141 744 2184 se
762 2121 894 2202 proferet
906 2119 1030 2181 verbum
1045 2135 1134 2178 occu-

68 2213 118 2284 pet
136 2205 244 2266 locum.
286 2205 367 2276 Quae
388 2208 506 2285 quidem
528 2217 560 2269 ut
582 2207 750 2286 diligentius
772 2223 960 2285 exequamur,
976 2203 1172 2284 repetendae

67 2352 172 2410 werden
193 2369 244 2406 von
263 2355 348 2416 Quint.
372 2355 521 2410 wiederholt
539 2373 576 2410 er·
628 2359 673 2410 des
691 2356 834 2410 rdmischeu
853 2355 1055 2408 Staatsschatzes
1073 2354 1138 2406 hiels

68 2421 163 2473 walrnt.
627 2428 755 2488 sanetius,
768 2422 880 2474 welcher
890 2439 937 2475 nur
950 2423 975 2472 in
985 2421 1034 2474 deu
1044 2421 1137 2474 dulser-

104 2493 128 2542 2.
163 2489 234 2541 Num
251 2494 423 2546 ——continet
458 2491 529 2544 Deua
548 2509 576 2545 so
629 2497 686 2545 sten
703 2489 833 2543 Notiillen
857 2489 970 2555 gedll'uet
994 2488 1093 2551 werde,
1116 2503 1136 2540 s.

69 2559 118 2610 wic
141 2558 182 2609 cin
206 2558 253 2610 ties
269 2559 472 2625 ausgeloclrerter
490 2560 577 2612 Boden
630 2562 701 2612 Caes.
719 2558 748 2612 B.
767 2575 788 2610 c.
806 2558 824 2622 Ι,
845 2561 883 2610 14.

69 2625 226 2678 fruchtharer
244 2627 307 2679 wird
320 2644 363 2680 mn
374 2627 467 2682 Sueten
477 2629 579 2682 hervor-
665 2632 690 2678 et
701 2657 734 2666 -
746 2643 808 2690 non,
827 2624 887 2675 well
899 2625 939 2676 die
951 2623 989 2676 Ne
1008 2624 1079 2676 atlon
1091 2637 1137 2674 nur

70 2693 194 2760 sprleisen
216 2709 246 2746 zu
265 2694 348 2748 lassen
371 2697 423 2748 und
441 2713 471 2749 zu
491 2697 580 2750 ernilr·
631 2713 663 2750 zu
686 2695 744 2748 dem
762 2691 964 2758 Verhelhegriile
987 2637 1032 2744 ges
1056 2690 1139 2742 Nach-

69 2777 126 2825 ren,
151 2776 181 2814 so
199 2763 307 2828 spondet
324 2765 366 2816 ein
383 2763 579 2830 Fortschreiten‚
630 2763 723 2817 drucks
736 2758 1064 2830 wegenhezogenrrerdeu
1076 2758 1138 2817 soll;

70 2830 182 2882 welches
206 2829 260 2882 sich
285 2831 356 2884 nicht
379 2833 424 2886 eal
440 2833 484 2885 der
502 2833 580 2886 Ober-
630 2832 682 2898 vgl.
702 2835 725 2894 t,
744 2833 785 2884 33.

70 2897 152 2949 ildohe
164 2897 224 2960 hilt,
235 2899 375 2953 derllrbeit
383 2900 579 2955 Frr'ichtcreich-
608 2935 611 2940 ,
664 2904 785 2956 dranum
797 2902 857 2964 ipsa
867 2901 973 2958 natura,
987 2893 1138 2948 bezeichnet

68 2966 151 3018 licher
168 2965 219 3018 und
232 2967 348 3020 bewahrt
360 2970 397 3022 sic
410 2969 580 3036 getreulicher
631 2967 798 3022 ehensowohl
812 2965 853 3018 die
866 2963 936 3016 Welt
953 2964 991 3016 als
1003 2963 1044 3016 dic
1061 2961 1140 3016 Scho-

68 3033 196 3100 (Becher).
631 3036 763 3104 plerkrelt,
782 3035 834 3102 vgl.
852 3036 868 3100 ξ
887 3036 928 3086 26.

99 3097 426 3183 profectiu3‘F0rtscht·itt'
446 3107 580 3174 vgl.§15,
663 3107 922 3172 praeposuitque-
940 3098 1138 3161 difficultatum

70 3171 169 3224 hommt
187 3171 213 3222 in
225 3167 308 3224 dieser
320 3171 472 3242 Bedeutung
487 3175 529 3228 bel
542 3175 580 3226 ci·
632 3190 683 3240 quo
692 3173 733 3226 bel
744 3169 998 3234 Satzverhinduugen
1006 3165 1071 3218 nach
1083 3180 1141 3218 vor·

72 3256 129 3293 cero
149 3239 219 3290 nicht
237 3256 290 3293 vor.
632 3240 793 3307 angehender
804 3237 930 3304 Negation
943 3235 988 3288 het
1000 3233 1039 3288 oft
1052 3233 1140 3285 adver·

104 3326 121 3360 α
140 3323 256 3370 summo,
274 3302 333 3360 ‘von
352 3309 396 3361 der
413 3305 580 3364 Oberssache’.
632 3309 714 3362 sative
727 3307 888 3372 Bedeutuug‚
902 3305 953 3372 vgl.
964 3301 1057 3357 Clade
1069 3298 1140 3364 offil,

106 3379 157 3426 Ιιαο
175 3380 345 3442 commentia,
364 3382 427 3430 stntt
446 3379 525 3430 duduc
541 3383 582 3430 rai
632 3375 1141 3442 nur:nequeoposanrpormuamoon-

22 3460 29 3498 r
72 3459 172 3504 conec,
204 3441 325 3511 Euallage
352 3444 397 3496 des
423 3445 581 3500 Pronomens
631 3449 778 3498 secluditur·
794 3448 946 3507 totumque
961 3456 1020 3492 eum
1036 3439 1140 3514 (recep.)

73 3515 135 3564 statt
153 3511 199 3564 des
217 3511 279 3564 Gen.
299 3513 362 3573 obi,
382 3514 521 3568 hesenders
540 3515 580 3566 hei
631 3517 670 3566 cic
693 3517 820 3566 tuebitur.
862 3509 911 3562 Der
932 3505 1053 3560 Gedenlrc
1076 3518 1141 3555 erun·

24 3613 25 3618 1
73 3595 147 3643 mura,
167 3584 253 3644 timor,
271 3596 337 3646 epar,
353 3582 394 3633 hei
408 3583 522 3636 welchen
535 3581 582 3636 Be·
634 3585 690 3634 nert
714 3597 746 3634 an
765 3581 806 3634 die
825 3577 970 3632 belmuntcn
987 3573 1076 3653 Worte
1093 3569 1142 3650 lle·

24 3651 25 3685 i
74 3647 164 3714 grillen
189 3647 253 3700 auch
271 3649 316 3700 der
333 3648 456 3702 deutsche
474 3649 583 3730 Sprach-
634 3649 718 3702 siods:
734 3651 800 3719 ἔργα
814 3647 844 3698 V.
859 3647 920 3700 289:
939 3642 986 3706 τῆς
1001 3636 1031 3693 δ’
1049 3653 1142 3709 αρετηα

25 3719 27 3779 ᾗ
73 3713 202 3782 gebrauch
220 3715 257 3766 oft
276 3715 354 3768 demit
367 3717 582 3780 dhereinstrmnxt;
634 3713 740 3787 ἱδρῶτα
765 3715 828 3770 θεοὶ
857 3708 1048 3784 προπάροιθεν
1075 3705 1141 3771 ἔθη-

26 3781 27 3788 ’
73 3783 124 3851 vgl.
148 3783 166 3848 l,
186 3786 225 3848 10,
244 3787 289 3837 28:
314 3785 384 3836 Haec
411 3789 436 3836 ei
458 3801 583 3838 cura-
634 3803 693 3836 ααν.

26 3805 29 3924 l
70 3850 184 3920 profuit.
668 3856 692 3904 5.
711 3852 775 3904 dum
794 3850 918 3914 diligens,
935 3847 1003 3899 ohne
1023 3843 1141 3907 Verbum,

27 3927 31 4057 ρ
107 3923 130 3974 3.
141 3922 443 3974 renodare-aerario.
468 3921 515 3973 liin
526 3918 581 3976 'leil
635 3921 685 3974 uie
705 3924 727 3983 l,
745 3921 779 3974 94
797 3917 838 3970 bei
855 3915 978 3985 quamvis.

29 4087 32 4172 l
