2796 4608
261 293 302 354 tu
642 296 750 349 cnrur
768 281 819 364 ιι
838 299 946 351 aa-oa.

260 472 383 534 metrias
398 471 556 532 Phalereus
577 470 730 530 dicebatur
743 471 803 546 uti,
825 481 935 532 vestem
951 471 1028 532 bene
1047 473 1081 532 ad
1097 472 1246 534 forensem
1262 474 1330 551 pul-

209 567 238 618 it
258 573 357 618 rerem
372 557 478 616 lacere.
508 554 560 616 list
583 563 611 614 et
626 555 699 616 alius
715 573 749 614 er
765 556 894 617 historiis
918 573 990 617 usus
1012 565 1041 616 et
1063 557 1088 617 is
1103 557 1222 634 quidem
1237 559 1330 618 maxi-

262 660 328 702 mus
349 641 399 702 sed
424 659 484 700 non
507 641 542 700 ad
570 649 756 718 praesentem
782 641 937 720 pertinens
957 641 1071 712 locum,
1098 659 1132 701 ex
1159 643 1330 719 cognitione

262 743 362 786 rerum
374 725 644 804 exemplorumque,
660 724 768 803 quibus
779 725 916 804 inprimis
927 725 1331 788 instructusessedebetora·

262 821 324 884 tor,
346 827 384 870 ne
399 809 496 869 omnia
513 810 680 870 testimonia
696 819 831 889 expectet
852 809 1046 888 elitigatore;
1067 811 1118 872 sed
1139 811 1281 890 pleraque
1296 831 1332 872 ex

261 903 403 956 vetustate
419 894 575 973 diligenter
594 893 649 954 sibi
665 895 782 972 cognita
798 904 909 968 sumat,
925 896 982 956 hoc
997 896 1178 975 potentiora,
1203 897 1281 974 quod
1298 915 1331 957 ea

262 979 323 1041 sola
340 978 513 1039 criminibus
527 977 584 1038 odii
602 987 630 1038 ct
644 979 753 1056 gratiae
769 989 879 1039 vacant.

212 1074 240 1125 tt
346 1063 630 1142 Aphilosophorum
652 1081 722 1124 vero
744 1064 871 1124 lectione
894 1072 927 1123 ut
942 1073 1041 1124 essent
1063 1065 1154 1126 multa
1177 1066 1265 1127 nobis
1278 1085 1333 1145 pe-

263 1149 364 1222 tenda,
386 1148 455 1208 ritio
475 1150 584 1208 lactum
606 1157 651 1209 est
674 1157 838 1222 oratorum,
866 1148 1055 1226 quiquidem
1077 1149 1133 1210 illis
1154 1151 1266 1229 optima
1287 1151 1334 1212 sui

263 1234 362 1313 operis
376 1241 459 1313 parte
474 1242 636 1294 cesserunt.
667 1233 739 1292 Nam
756 1241 785 1292 et
800 1232 836 1292 de
851 1232 952 1306 iustis,
975 1234 1122 1307 honestis,
1145 1235 1268 1298 utilibus
1283 1236 1334 1296 iis·

263 1335 330 1396 que,
347 1335 421 1396 quae
437 1318 497 1379 sint
511 1317 573 1378 istis
589 1317 752 1387 contraria,
769 1318 849 1377 etde
865 1317 954 1377 rebus
970 1317 1075 1379 divinis
1090 1320 1215 1380 maxime
1231 1319 1335 1381 dicunt

259 1393 292 1463 ‘et
306 1411 554 1480 argumentantur
569 1402 676 1462 acriter
691 1400 795 1476 Stoici3
818 1410 848 1461 et
869 1401 1110 1464 altercationibus
1130 1413 1219 1483 atque
1240 1405 1335 1466 inter-

211 1497 240 1547 iit
262 1487 466 1566 rogationibus
478 1495 624 1546 oratorem
634 1487 768 1545 laturum
784 1485 895 1564 optime
908 1487 1048 1548 Socratici
1061 1497 1247 1568 praeparant.
1275 1490 1336 1550 Sed

262 1572 308 1633 his
323 1589 443 1650 quoque
458 1569 657 1630 adhibendum
674 1579 718 1631 est
732 1570 826 1630 simile
841 1570 991 1650 iudicium,
1007 1582 1040 1632 ut
1055 1573 1141 1633 etiam
1156 1591 1224 1634 enm
1239 1575 1268 1634 in
1286 1593 1335 1635 re·

263 1657 319 1716 bus
334 1673 486 1716 versemur
499 1655 600 1728 isdem,
619 1673 679 1715 non
696 1663 795 1715 tamen
812 1656 935 1716 eandem
951 1675 1015 1718 esse
1037 1658 1244 1718 condicionem
1259 1660 1336 1720 scia·

262 1759 329 1800 mus
344 1740 438 1799 litium
454 1757 488 1798 ac
502 1739 750 1818 disputationum,
772 1740 829 1800 lori
845 1750 874 1801 et
889 1741 1039 1816 auditorii,
1061 1752 1290 1823 praeceptorum
1307 1751 1338 1804 et

262 1824 472 1902 periculorum.

212 1920 241 1970 tt
348 1909 443 1972 Credo
467 1917 622 1970 exacturos
643 1909 818 1987 plerosque,
841 1927 909 1970 cum
931 1918 1047 1972 tantum
1067 1929 1131 1974 esse
1152 1911 1286 1972 utilitatis
1304 1913 1337 1973 in

263 1995 389 2074 legendo
404 1995 584 2067 iudicemus,
605 2002 639 2054 ut
654 1993 681 2053 id
698 2011 818 2072 quoque
834 1993 1028 2071 adiungamus
1043 1995 1136 2075 operi,
1156 1997 1207 2074 qui
1221 1996 1281 2057 sint
1297 1997 1339 2057 lc-

263 2082 349 2160 qcadi
361 2090 387 2140 et
402 2097 476 2160 quae
492 2079 522 2139 in
538 2086 658 2138 auctore
674 2095 794 2156 quoque
815 2077 974 2157 praecipua
989 2079 1090 2140 virtus.
1124 2080 1181 2140 Sed
1196 2083 1338 2162 persequi

265 2262 354 2312 lucida
381 2265 407 2312 ct
433 2261 579 2312 versicolor
605 2261 774 2326 quorundam
825 2260 866 2312 dic
892 2259 1058 2326 gerichtliche
1085 2259 1247 2326 Disputation
1274 2265 1339 2318 zwi-

266 2329 388 2392 clooutio,
406 2328 471 2380 doch
489 2328 524 2380 ist
541 2327 703 2391 unbekannt,
721 2345 774 2380 wer
825 2329 904 2380 seben
918 2327 967 2380 den
980 2327 1134 2380 sireitenden
1147 2327 1273 2394 Parteien,
1293 2333 1340 2386 der

264 2397 333 2449 diese
357 2395 444 2448 kirhne
462 2394 594 2461 hletapher
617 2411 667 2447 von
685 2395 774 2450 Deme·
824 2398 954 2448 contiuua
980 2398 1068 2448 oratio
1098 2402 1339 2462 entgegeugesetat.

265 2465 329 2518 trias
346 2463 486 2530 gebraucht
503 2463 557 2518 hut.
587 2464 637 2516 (lic.
656 2465 688 2515 de
705 2465 772 2530 legg.
824 2463 909 2524 Quint.
928 2463 1033 2516 handelt
1049 2464 1159 2516 daruber
1178 2465 1338 2520 ausldhrlich

263 2533 301 2596 lll,
317 2536 341 2594 e,
356 2535 387 2584 tl
405 2539 463 2596 sagt
480 2547 531 2584 von
549 2532 613 2583 ihm:
631 2533 774 2584 Phalereus
824 2531 894 2598 vlt
911 2531 964 2584 und
982 2536 1061 2584 uenat
1073 2532 1111 2584 sie
1129 2535 1201 2584 actio
1214 2536 1300 2584 bracia
1312 2541 1341 2586 ct

263 2601 309 2651 illc
325 2601 521 2650 Derrrchiua-
534 2600 695 2651 mirabiliter
713 2602 774 2652 dce-
825 2602 931 2652 coucam
955 2600 990 2652 im
1013 2598 1171 2666 (legensatae
1193 2616 1238 2652 aar
1264 2605 1339 2652 aetio

263 2671 364 2719 trinam
381 2685 416 2720 aa
431 2668 595 2720 umbraculis
606 2669 774 2720 eruditarum
821 2672 960 2734 perpetua.

264 2739 371 2802 otioque
388 2751 441 2785 nora
458 2737 535 2787 modo
553 2738 582 2786 in
599 2737 680 2788 colem
694 2741 775 2800 atquc
860 2735 999 2786 Socratici.
1035 2733 1141 2786 lliermil
1153 2734 1209 2786 sind
1222 2733 1341 2788 offeubar

264 2806 295 2854 ia
307 2805 456 2870 pulverera,
471 2804 518 2854 red
533 2807 564 2854 in
581 2806 668 2868 iprum
681 2803 775 2854 diacri-
826 2802 868 2856 die
885 2801 950 2854 auch
969 2815 1017 2852 uns
1039 2815 1095 2852 zum
1114 2801 1171 2854 'leil
1189 2801 1339 2854 erhaltenen

265 2887 324 2924 men
341 2874 478 2936 aciemque
489 2871 633 2936 producit.
827 2867 954 2934 Schriften
988 2868 1032 2920 des
1063 2868 1151 2933 Plato,
1185 2869 1340 2936 Xenophon,

299 2941 447 3003 dicebatur,
464 2955 496 2990 aa
514 2939 597 2990 seiner
615 2937 677 2990 Zeit.
826 2936 960 3000 hsclrines,
973 2934 1094 2990 Schrales
1104 2938 1226 3002 gemeint,
1239 2936 1340 3003 V,'l,28

299 3010 340 3059 34.
365 3008 497 3069 historiis,
524 3005 569 3058 der
591 3002 710 3071 singular
732 3005 775 3056 bc·
828 3004 1340 3071 inquiburhc.dialogisSocraticorum)

266 3073 383 3125 zeichnet
407 3073 569 3138 gewdhnlich
592 3073 633 3124 die
655 3073 775 3138 Gallung,
827 3072 894 3124 adeo
916 3074 999 3122 ceilae
1019 3077 1082 3122 erant
1105 3075 1341 3137 interrogationes,

266 3141 310 3194 der
328 3141 413 3193 Plural
431 3141 477 3194 das
495 3140 726 3194 Geschiehtswerk.
826 3145 864 3204 ut,
882 3154 942 3189 cum
957 3139 1092 3205 plerisque
1104 3142 1168 3190 derra
1179 3141 1340 3206 respondea-

299 3225 353 3260 uoa
371 3209 407 3260 ad
419 3214 457 3248 '—
475 3209 575 3273 locum,
598 3208 653 3260 hier
670 3207 777 3262 handell
828 3212 880 3267 har,
898 3223 942 3257 rer
954 3213 1041 3258 tamea
1057 3209 1094 3259 ad
1105 3208 1140 3272 td,
1158 3207 1230 3273 quad
1247 3209 1342 3260 volunt

266 3293 294 3332 es
306 3277 360 3329 sich
378 3291 421 3328 um
438 3276 488 3328 den
500 3276 600 3328 Nutaen
612 3276 652 3327 liu
664 3276 706 3328 die
718 3275 778 3328 Dar·
827 3273 943 3338 efficere,
956 3278 1102 3340 perueniat.

265 3346 386 3410 stellang,
396 3343 487 3396 andere
496 3343 547 3409 llll,
557 3348 572 3396 l
582 3344 634 3396 und
644 3343 674 3407 V,
686 3347 726 3408 ll,
736 3347 777 3396 36.
863 3345 903 3396 36.
921 3347 958 3406 ut,
972 3343 1044 3394 leitat
1060 3343 1118 3396 eine
1130 3341 1276 3408 l'olgemnq
1288 3343 1339 3406 ein,

300 3431 316 3464 a
339 3414 476 3477 litigatore
497 3427 548 3462 ron
566 3411 640 3475 dem,
662 3412 707 3464 der
728 3411 777 3464 den
829 3409 924 3462 sodals.

266 3479 370 3533 Prozets
392 3479 475 3543 lithrt,
501 3478 552 3543 vgl.
571 3478 598 3540 lt,
618 3481 659 3543 21,
679 3481 718 3534 to.
735 3477 777 3544 lV,
861 3483 1066 3544 praeceptorum
1096 3482 1122 3526 et
1148 3477 1341 3542 periculorum.

268 3553 291 3613 1,
309 3552 332 3604 3.
828 3547 863 3598 lm
882 3545 1025 3611 deponsata
1048 3560 1078 3596 zu
1101 3544 1149 3598 den
1173 3545 1266 3597 beiden
1284 3561 1343 3598 vor·

302 3621 342 3670 35.
360 3618 473 3666 vitio-
493 3618 639 3676 oratorum,
658 3613 777 3666 dasselbe
828 3612 995 3678 angehenden
1020 3611 1138 3662 Gliedern
1161 3613 1196 3664 ist
1218 3612 1273 3664 hier
1296 3612 1341 3664 das

267 3686 302 3738 ist
311 3682 776 3748 anchl,Prooem.l3ausgesprochen.
828 3680 985 3744 Wichtiqere
1011 3694 1043 3731 an
1070 3677 1112 3730 die
1134 3681 1157 3732 l.
1182 3679 1263 3732 Stelle
1289 3679 1342 3731 und

302 3753 395 3815 Stoici,
412 3749 464 3816 vgl.
480 3752 552 3814 1,84.
571 3748 621 3814 llll,
634 3752 656 3812 2,
667 3751 699 3803 25
717 3751 777 3802 uul-
829 3748 906 3800 sumit
923 3763 955 3798 an
974 3746 1023 3799 den
1043 3745 1146 3800 Schluls
1163 3746 1275 3813 gestelll„

268 3822 307 3871 lor
328 3823 376 3869 aut
394 3821 512 3882 probare
535 3821 626 3870 aerim
648 3822 696 3868 aut
716 3835 778 3870 cca·
862 3815 984 3882 pericula
1022 3813 1145 3866 bedeutet
1183 3813 1342 3880 gelehrvolle

268 3886 374 3940 cludere
389 3887 514 3938 subtilius
530 3886 703 3938 contundunt.
830 3882 1028 3946 Rechlshindel,
1041 3882 1082 3934 bei
1095 3882 1177 3934 denen
1190 3881 1286 3936 ussich
1299 3897 1342 3934 um

302 3953 528 4008 aturcaaoattaa.
568 3955 717 4006 Altercatio
745 3953 778 4006 ist
830 3951 916 4004 Leben
933 3949 984 4002 und
1003 3949 1147 4017 Vermdgen
1166 3949 1278 4002 handell.
