2796 4608
463 304 570 356 annun
588 305 606 358 1.
625 307 641 374 s
662 309 769 360 u-n.
1022 346 1028 358 .
1088 307 1148 388 ⁴21

79 480 133 552 bit,
148 479 370 558 pronuntiandi,
386 480 432 539 vel
448 479 652 558 potentissima
667 481 697 540 in
714 480 849 554 dicendo,
864 484 938 543 ratio
955 493 998 555 et,
1015 491 1048 543 ut
1062 487 1153 546 semel

81 564 185 638 dicam,
201 563 313 642 pariter
328 564 426 624 omnia
441 564 558 625 docent.
588 564 622 624 ln
638 565 767 624 lectione
782 566 892 628 certius
907 567 1057 642 iudicium,
1074 571 1153 646 quod

80 635 214 710 ludiemi
228 649 401 727 frequenter
416 658 466 709 aut
477 667 548 710 suns
560 649 667 727 cuique
683 649 764 709 lavor
776 659 826 710 aul
840 651 888 711 ille
900 651 1081 712 laudantium
1093 654 1152 713 cla-

79 752 147 794 mor
169 742 332 812 extorquet.
374 734 469 794 Pudet
490 735 569 794 enim
591 733 746 794 dissentire
768 745 797 795 et
818 735 897 796 velut
920 737 1008 797 tacita
1029 739 1156 816 quadam
1177 747 1204 798 18

79 819 258 880 verecundia
273 817 445 880 inhibemur
460 819 526 898 plus
541 817 629 879 nobis
644 819 775 894 credere,
792 837 859 880 cum
874 821 1035 882 interimet
1048 822 1151 885 vitiosa

79 903 216 983 pluribus
231 903 365 982 placent,
385 911 414 964 et
429 923 445 964 a
459 903 630 982 conrogatis
645 903 803 965 laudantur
819 905 905 965 etiam
921 925 996 984 quae
1013 923 1074 966 non
1089 908 1152 987 pla·

80 999 160 1048 cent.
190 987 277 1048 Sede
292 988 442 1048 contrario
466 1007 584 1067 quoque
600 988 721 1062 accidit,
742 997 775 1048 ut
790 989 900 1068 optime
922 991 1008 1051 dictis
1030 993 1153 1069 gratiam
1176 1000 1203 1050 19

80 1091 169 1152 prava
183 1073 291 1134 iudicia
306 1092 367 1134 non
384 1075 524 1134 referant.
554 1073 656 1134 Lectio
672 1073 766 1134 libera
781 1081 825 1134 est
841 1093 896 1134 nec
911 1083 944 1135 ut
958 1075 1082 1138 actionis
1097 1077 1152 1136 irn-

80 1166 168 1237 petus
189 1159 381 1234 transcurrit;
402 1159 454 1218 sed
474 1167 611 1238 repetere
632 1158 749 1237 saepius
770 1158 854 1232 licet,
879 1159 938 1220 sive
961 1159 1076 1222 dubites
1093 1161 1153 1222 sive

80 1242 239 1303 memoriae
257 1243 377 1322 penitus
392 1242 519 1322 adfigere
533 1242 614 1303 velis.
644 1241 823 1320 Repetamus
846 1251 944 1304 autem
967 1253 996 1305 et
1015 1253 1153 1306 retracta·

80 1346 161 1398 mus,
184 1335 213 1388 et
234 1336 267 1388 ut
288 1326 370 1388 cibos
392 1345 511 1388 mansos
526 1345 560 1387 ac
575 1345 670 1406 prope
686 1327 859 1405 liquefactos
874 1329 1071 1404 demittimus,
1094 1349 1153 1408 quo

80 1411 197 1472 facilius
218 1412 405 1490 digerantur:
435 1413 474 1472 ita
495 1412 583 1472 lectio
607 1431 668 1473 non
692 1413 782 1474 cruda
805 1413 855 1473 sed
884 1414 975 1473 multa
998 1414 1152 1475 iteratione

80 1497 192 1557 mollita
208 1505 237 1556 et
252 1497 332 1557 velut
347 1497 483 1558 conlecta
497 1497 657 1558 memoriae
672 1497 889 1576 imitationique
904 1497 1045 1558 tradatur.

108 1615 111 1623 ·
167 1582 209 1641 hc
224 1581 275 1643 diu
290 1582 411 1642 nonnisi
428 1583 557 1661 optimus
572 1581 698 1660 quisque
714 1582 808 1660 etqui
833 1584 1003 1643 credentem
1026 1583 1082 1644 sibi
1098 1583 1152 1643 mi·
1176 1590 1205 1640 11

80 1667 161 1727 nime
183 1666 263 1726 sallat
284 1667 427 1745 legendus
449 1675 508 1741 est,
531 1667 581 1726 sed
597 1666 754 1746 diligenter
776 1685 809 1726 ac
833 1685 926 1746 paene
945 1669 980 1728 ad
1003 1668 1153 1728 scribendi

78 1749 308 1812 sollicitudinem
317 1770 325 1827 ;
348 1769 403 1812 nec
418 1769 473 1830 per
488 1759 587 1830 partes
602 1751 690 1811 modo
706 1753 864 1812 scrutanda
879 1753 993 1827 omnia,
1015 1753 1066 1814 sed
1084 1771 1152 1833 per-

78 1837 174 1896 lectus
195 1835 271 1896 liber
286 1835 389 1914 utique
405 1855 441 1896 en
462 1836 579 1914 integro
595 1835 790 1898 resumendus
809 1837 1030 1916 ¹praecipueque
1051 1838 1153 1912 oratio,

78 1922 165 1982 ouius
175 1921 298 1981 virtutes
310 1921 483 2000 frequenter
497 1939 534 1981 ex
545 1919 689 1982 industria
702 1939 820 1999 quoque
836 1922 1032 1983 occidtantur.
1060 1922 1154 2000 Saepe
1177 1927 1205 1978 11

78 2005 160 2066 enim
181 2014 352 2086 praeparat,
375 2005 550 2080 dissimulat,
578 2006 733 2067 insidiatur
756 2014 869 2080 orator,
892 2023 984 2085 eaque
1006 2008 1037 2067 in
1060 2007 1154 2086 prima

75 2143 177 2204 gestae,
195 2139 246 2203 vgl.
261 2141 318 2204 19.
346 2137 432 2199 Quint.
445 2138 541 2202 erhl'drt
552 2138 590 2203 111,
642 2138 757 2204 deutnng
780 2153 831 2190 von
853 2133 938 2202 ‘man',
965 2139 1018 2205 vgl.
1040 2137 1154 2189 Ellendt-

78 2209 129 2269 3,1
151 2205 591 2273 nndll1‚3‚1prouuntiatieund
643 2205 772 2274 Seyfferts·
791 2206 898 2259 Gramm.
919 2207 934 2272 ξ
953 2209 1011 2269 241,
1030 2210 1044 2260 3
1065 2207 1153 2260 hum:

78 2276 151 2324 naua
179 2273 219 2324 liar
248 2273 330 2339 villig
361 2274 592 2339 gleichbedeutend
643 2273 745 2325 lihnlich
767 2273 809 2337 lli,
828 2278 852 2340 1,
871 2278 903 2328 69
922 2275 1033 2339 ideoque
1056 2291 1072 2324 a
1097 2276 1155 2338 qui·

77 2344 253 2406 (quapropter
273 2346 390 2405 utraque
413 2341 593 2408 appellatione
644 2342 753 2392 busdam
772 2347 827 2394 tota
845 2359 888 2393 ree
904 2343 1079 2407 repudiatur,
1100 2344 1154 2391 ciue

78 2407 269 2470 indifferenter
284 2410 592 2473 utilieet),n1eintaber‚
643 2409 832 2474 intellegatur,
858 2413 913 2460 siue
939 2425 993 2460 nan
1017 2410 1155 2474 intellege-

79 2473 136 2525 dais
154 2473 196 2524 die
205 2478 394 2539 pronuntiatio
407 2476 456 2528 den
468 2477 593 2527 letcteren
645 2481 698 2526 tier.

79 2541 296 2606 Namenageetu
310 2557 341 2593 zu
354 2542 468 2594 erhalten
481 2542 593 2606 seiteina,
678 2546 853 2592 retractemus
885 2540 1030 2607 ‘grundlich
1061 2543 1156 2594 behan-

78 2609 158 2660 deher
181 2608 290 2660 braneht
308 2623 335 2660 er
359 2609 433 2671 bald,
457 2609 508 2660 wie
531 2609 593 2673 hier,
645 2606 721 2672 deln’,
740 2607 881 2673 Gegensatz
899 2625 951 2662 von
964 2614 1156 2674 transcurrere,

78 2678 151 2727 catio
170 2675 211 2726 liu
219 2681 319 2740 gutur,
338 2676 398 2728 bald
413 2677 469 2728 teilt
481 2691 508 2728 er
521 2679 592 2728 aetio
644 2676 697 2742 vgl.
709 2678 756 2738 3,l
770 2675 823 2728 und
834 2675 875 2744 lll,
888 2677 912 2740 2,
925 2679 969 2734 35:
983 2677 1028 2728 des
1041 2676 1155 2729 einfache

77 2746 104 2795 in
117 2759 207 2794 voamn
217 2748 383 2810 gestumque,
397 2745 447 2796 wie
459 2743 500 2809 Xl,
512 2747 534 2807 3,
548 2747 592 2804 14;
645 2747 763 2794 tractare
781 2746 805 2808 5,
823 2746 847 2796 8.

76 2812 132 2877 vgl.
151 2815 230 2863 nnlen
248 2811 263 2876 §
284 2813 322 2864 19.
678 2812 840 2876 tueantur
879 2811 919 2862 liar
954 2817 1156 2876 concoquantur

111 2879 192 2930 amuel
207 2876 259 2930 ‘ein
278 2878 318 2930 ihr
336 2873 460 2932 allemel’.
644 2879 846 2946 spillateiniscb,
860 2880 910 2930 wie
923 2880 1055 2944 digestum
1067 2881 1155 2930 ulum

114 2947 282 2998 laudantium
300 2947 402 2998 elamor
419 2944 521 2998 beziebt
537 2947 592 3012 sich
643 2945 787 3011 x1‚2,3a.
822 2946 849 2998 ln
873 2947 931 2998 dem
949 2947 1078 2999 Gleichnis
1100 2953 1155 2999 ent-

77 3015 124 3066 aul
141 3014 296 3066 dieUnsitte
314 3014 474 3080 derGlaque‚
492 3015 591 3068 welche
643 3015 767 3080 sprechen
802 3015 857 3066 alah
893 3015 977 3065 multa
1010 3018 1156 3066 iteratione

76 3083 196 3134 erwihnt
213 3083 247 3134 ist
256 3078 301 3146 lV,
314 3085 338 3146 2,
351 3085 382 3134 at
402 3083 592 3134 adclamarent
642 3083 747 3134 melltta
763 3082 815 3133 und
833 3097 947 3148 maneos,
965 3082 1087 3144 rarefacta
1100 3083 1153 3134 und

77 3152 223 3216 dispositae
240 3151 283 3201 uel
298 3153 378 3200 etiam
393 3149 466 3210 farta
478 3153 592 3201 circum-
644 3148 812 3214 liquefactos.

76 3218 156 3280 succe
167 3218 349 3268 multitudinis
365 3221 516 3283 compositi:
534 3233 591 3270 aus-
679 3219 753 3268 laedo
770 3211 825 3268 ‘das
845 3211 986 3268 Gelesene'.

77 3287 218 3337 ldhrlioher
231 3285 288 3336 sind
306 3285 376 3336 diese
388 3285 519 3337 auditores
531 3301 592 3338 eon·
613 3295 616 3298 ’
677 3287 717 3338 20.
734 3287 858 3350 laconici,
876 3285 911 3335 ist
928 3285 954 3336 in
973 3285 1017 3336 der
1035 3285 1154 3352 spiteren

77 3354 186 3405 ductiet
198 3352 324 3418 redempti
340 3367 391 3403 von
402 3351 499 3405 Plinius
509 3353 590 3420 Epist.
642 3352 698 3404 Zeit
715 3349 872 3404 Aduerbinm
896 3353 1034 3418 geworden
1058 3352 1154 3404 ebenso

76 3421 106 3485 ll,
129 3425 159 3473 11
178 3419 340 3486 geschildert
644 3423 667 3484 3,
680 3423 726 3482 293
746 3421 862 3486 dagegen
880 3419 960 3472 findet
978 3421 1032 3471 sich
1050 3423 1104 3470 ntea·
1122 3447 1153 3458 -

115 3491 154 3542 18.
172 3490 324 3539 inhibemur
346 3487 381 3539 ist
404 3487 451 3538 mit
473 3487 531 3540 dem
552 3487 591 3539 ln·
643 3503 704 3551 non,
725 3489 773 3539 wie
792 3489 833 3539 bei
852 3488 953 3552 Cicero,
978 3503 1010 3538 zu
1027 3487 1155 3538 verschie-

77 3557 163 3608 linitiv
181 3555 338 3608 verbunden.
643 3554 725 3606 denen
736 3555 829 3608 Sitzen
842 3555 903 3608 oder
915 3555 1072 3620 wenigstens
1082 3553 1154 3604 Satn-

113 3629 174 3675 eum
190 3627 308 3675 interim.
322 3624 369 3674 mit
390 3622 447 3675 dem
464 3623 591 3675 lndihativ
643 3623 757 3688 gliedern
776 3624 882 3690 gehirig
900 3626 923 3687 3,
943 3625 982 3676 30.
1002 3626 1025 3684 5,
1044 3625 1067 3672 5.
1087 3623 1110 3684 ’1,
1133 3624 1153 3672 1.

78 3693 158 3756 wie}
175 3693 219 3744 111
235 3691 286 3743 last
297 3690 527 3756 gleichbedeuteud
546 3693 592 3742 mil
677 3707 712 3740 eu
729 3694 849 3757 integro,
869 3691 918 3742 wie
936 3689 996 3740 bald
1014 3687 1105 3738 darauf
1121 3705 1155 3739 aa

79 3763 254 3825 quinetiam.
643 3760 778 3809 industria
801 3759 852 3811 und
872 3759 888 3822 ξ
909 3760 938 3808 18
964 3773 977 3806 e
1001 3760 1155 3806 contrario:

114 3830 154 3881 19.
171 3828 275 3878 iudicia
294 3827 348 3878 hier
366 3826 416 3877 wie
433 3828 449 3891 ξ
468 3829 509 3878 12.
643 3827 787 3894 uberhaupt
805 3825 861 3877 sind
880 3824 921 3875 die
934 3822 1154 3876 adverbialischen

111 3899 167 3946 sive
180 3925 213 3934 ω
225 3897 281 3945 eiua
298 3895 344 3944 mit
362 3893 507 3960 folgenden
524 3895 592 3947 Kon-
644 3893 787 3960 Bildungen
805 3893 851 3944 mit
869 3909 903 3942 eu
920 3891 995 3954 (stall
1011 3890 1056 3943 des
1069 3892 1155 3943 lrdber

75 3963 250 4028 junlrtiv'der
268 3964 291 4014 2.
310 3961 405 4014 Person
427 3961 453 4012 in
477 3963 522 4014 der
543 3962 592 4014 Be·
645 3962 763 4012 dblichen
791 3962 823 4010 de
849 3957 899 4010 und
923 3960 967 4023 ab)
994 3959 1045 4011 und
1073 3961 1154 4011 einem
