<?xml version="1.0" encoding="UTF-8"?>
<!DOCTYPE html PUBLIC "-//W3C//DTD XHTML 1.0 Transitional//EN"
    "http://www.w3.org/TR/xhtml1/DTD/xhtml1-transitional.dtd">
<html xmlns="http://www.w3.org/1999/xhtml" xml:lang="en" lang="en">
 <head>
  <title>
</title>
<meta http-equiv="Content-Type" content="text/html;charset=utf-8" />
  <meta name='ocr-system' content='tesseract 3.04.00' />
  <meta name='ocr-capabilities' content='ocr_page ocr_carea ocr_par ocr_line ocrx_word'/>
</head>
<body>
  <div class='ocr_page' id='page_1' title='image "./mfabiiquintilia14quingoog_0059.png"; bbox 0 0 2796 4608; ppageno 0'>
   <div class='ocr_carea' id='block_1_1' title="bbox 255 251 955 320">
    <p class='ocr_par' dir='ltr' id='par_1_1' title="bbox 255 251 955 320">
     <span class='ocr_line' id='line_1_1' title="bbox 255 251 955 320; baseline -0.009 -8"><span class='ocrx_word' id='word_1_1' title='bbox 255 251 296 312; x_wconf 80' lang='lat' dir='ltr'><strong>bt</strong></span> <span class='ocrx_word' id='word_1_2' title='bbox 618 253 726 307; x_wconf 74' lang='lat' dir='ltr'><strong>carun</strong></span> <span class='ocrx_word' id='word_1_3' title='bbox 742 254 760 308; x_wconf 83' lang='lat' dir='ltr'><strong>n</strong></span> <span class='ocrx_word' id='word_1_4' title='bbox 779 255 795 320; x_wconf 71' lang='lat' dir='ltr'><strong>s</strong></span> <span class='ocrx_word' id='word_1_5' title='bbox 814 256 955 308; x_wconf 74' lang='lat' dir='ltr'><strong>rto-11⁸.</strong></span> 
     </span>
    </p>
   </div>
   <div class='ocr_carea' id='block_1_2' title="bbox 207 425 1385 1990">
    <p class='ocr_par' dir='ltr' id='par_1_2' title="bbox 207 425 1385 1990">
     <span class='ocr_line' id='line_1_2' title="bbox 256 425 1328 508; baseline -0.001 -18"><span class='ocrx_word' id='word_1_6' title='bbox 256 428 422 508; x_wconf 81' lang='lat' dir='ltr'><strong>dignusque</strong></span> <span class='ocrx_word' id='word_1_7' title='bbox 436 427 481 488; x_wconf 81' lang='lat' dir='ltr'><strong>vir</strong></span> <span class='ocrx_word' id='word_1_8' title='bbox 496 429 544 488; x_wconf 93' lang='lat' dir='ltr'><strong>cui</strong></span> <span class='ocrx_word' id='word_1_9' title='bbox 559 435 589 489; x_wconf 91' lang='lat' dir='ltr'><strong>et</strong></span> <span class='ocrx_word' id='word_1_10' title='bbox 602 443 686 488; x_wconf 90' lang='lat' dir='ltr'><strong>mens</strong></span> <span class='ocrx_word' id='word_1_11' title='bbox 701 427 806 488; x_wconf 87' lang='lat' dir='ltr'><strong>mehor</strong></span> <span class='ocrx_word' id='word_1_12' title='bbox 820 435 850 488; x_wconf 94' lang='lat' dir='ltr'><strong>et</strong></span> <span class='ocrx_word' id='word_1_13' title='bbox 859 427 917 488; x_wconf 86' lang='lat' dir='ltr'><strong>vita</strong></span> <span class='ocrx_word' id='word_1_14' title='bbox 932 427 1050 507; x_wconf 79' lang='lat' dir='ltr'><strong>longior</strong></span> <span class='ocrx_word' id='word_1_15' title='bbox 1064 425 1244 507; x_wconf 78' lang='lat' dir='ltr'>contigisset.</span> <span class='ocrx_word' id='word_1_16' title='bbox 1274 427 1328 490; x_wconf 90' lang='lat' dir='ltr'><strong>ln·</strong></span> 
     </span>
     <span class='ocr_line' id='line_1_3' title="bbox 257 511 1381 593; baseline -0.004 -19"><span class='ocrx_word' id='word_1_17' title='bbox 257 513 323 574; x_wconf 88' lang='lat' dir='ltr'><strong>veni</strong></span> <span class='ocrx_word' id='word_1_18' title='bbox 339 513 389 591; x_wconf 88' lang='lat' dir='ltr'><strong>qui</strong></span> <span class='ocrx_word' id='word_1_19' title='bbox 404 512 555 574; x_wconf 87' lang='lat' dir='ltr'><strong>Calvum</strong></span> <span class='ocrx_word' id='word_1_20' title='bbox 570 513 755 593; x_wconf 77' lang='lat' dir='ltr'><strong>praeferrent</strong></span> <span class='ocrx_word' id='word_1_21' title='bbox 766 511 913 587; x_wconf 87' lang='lat' dir='ltr'><strong>omnihus,</strong></span> <span class='ocrx_word' id='word_1_22' title='bbox 929 512 1029 574; x_wconf 90' lang='lat' dir='ltr'><strong>inveni</strong></span> <span class='ocrx_word' id='word_1_23' title='bbox 1045 512 1096 591; x_wconf 84' lang='lat' dir='ltr'><strong>qui</strong></span> <span class='ocrx_word' id='word_1_24' title='bbox 1108 512 1244 574; x_wconf 80' lang='lat' dir='ltr'><strong>Ciceroni</strong></span> <span class='ocrx_word' id='word_1_25' title='bbox 1260 531 1327 574; x_wconf 88' lang='lat' dir='ltr'><strong>cre·</strong></span> <span class='ocrx_word' id='word_1_26' title='bbox 1380 550 1381 570; x_wconf 67' lang='grc'><strong>.</strong></span> 
     </span>
     <span class='ocr_line' id='line_1_4' title="bbox 257 597 1330 680; baseline 0.002 -22"><span class='ocrx_word' id='word_1_27' title='bbox 257 598 371 671; x_wconf 76' lang='lat' dir='ltr'><strong>duent,</strong></span> <span class='ocrx_word' id='word_1_28' title='bbox 393 615 460 660; x_wconf 90' lang='lat' dir='ltr'><strong>eum</strong></span> <span class='ocrx_word' id='word_1_29' title='bbox 483 597 572 659; x_wconf 93' lang='lat' dir='ltr'><strong>nimia</strong></span> <span class='ocrx_word' id='word_1_30' title='bbox 586 605 690 658; x_wconf 85' lang='lat' dir='ltr'><strong>contra</strong></span> <span class='ocrx_word' id='word_1_31' title='bbox 713 615 745 658; x_wconf 90' lang='lat' dir='ltr'><strong>se</strong></span> <span class='ocrx_word' id='word_1_32' title='bbox 760 597 906 660; x_wconf 92' lang='lat' dir='ltr'><strong>calumnia</strong></span> <span class='ocrx_word' id='word_1_33' title='bbox 921 615 1023 659; x_wconf 88' lang='lat' dir='ltr'><strong>verum</strong></span> <span class='ocrx_word' id='word_1_34' title='bbox 1038 598 1212 677; x_wconf 78' lang='lat' dir='ltr'><strong>sangninem</strong></span> <span class='ocrx_word' id='word_1_35' title='bbox 1227 599 1330 680; x_wconf 90' lang='lat' dir='ltr'><strong>perdi·</strong></span> 
     </span>
     <span class='ocr_line' id='line_1_5' title="bbox 257 682 1329 762; baseline 0.002 -20"><span class='ocrx_word' id='word_1_36' title='bbox 257 682 349 759; x_wconf 88' lang='lat' dir='ltr'><strong>disse;</strong></span> <span class='ocrx_word' id='word_1_37' title='bbox 364 683 415 744; x_wconf 92' lang='lat' dir='ltr'><strong>sed</strong></span> <span class='ocrx_word' id='word_1_38' title='bbox 432 691 477 745; x_wconf 89' lang='lat' dir='ltr'><strong>est</strong></span> <span class='ocrx_word' id='word_1_39' title='bbox 491 691 521 743; x_wconf 94' lang='lat' dir='ltr'><strong>et</strong></span> <span class='ocrx_word' id='word_1_40' title='bbox 535 691 636 744; x_wconf 91' lang='lat' dir='ltr'><strong>sancta</strong></span> <span class='ocrx_word' id='word_1_41' title='bbox 651 691 680 743; x_wconf 90' lang='lat' dir='ltr'><strong>et</strong></span> <span class='ocrx_word' id='word_1_42' title='bbox 693 682 788 762; x_wconf 81' lang='lat' dir='ltr'><strong>gravis</strong></span> <span class='ocrx_word' id='word_1_43' title='bbox 803 682 897 744; x_wconf 88' lang='lat' dir='ltr'><strong>oratio</strong></span> <span class='ocrx_word' id='word_1_44' title='bbox 913 691 943 744; x_wconf 90' lang='lat' dir='ltr'><strong>et</strong></span> <span class='ocrx_word' id='word_1_45' title='bbox 958 683 1097 762; x_wconf 83' lang='lat' dir='ltr'><strong>castigata</strong></span> <span class='ocrx_word' id='word_1_46' title='bbox 1112 691 1141 744; x_wconf 93' lang='lat' dir='ltr'><strong>et</strong></span> <span class='ocrx_word' id='word_1_47' title='bbox 1154 684 1329 762; x_wconf 84' lang='lat' dir='ltr'><strong>frequenter</strong></span> 
     </span>
     <span class='ocr_line' id='line_1_6' title="bbox 257 767 1328 848; baseline 0.002 -21"><span class='ocrx_word' id='word_1_48' title='bbox 257 767 416 829; x_wconf 90' lang='lat' dir='ltr'><strong>vehemens</strong></span> <span class='ocrx_word' id='word_1_49' title='bbox 428 786 556 846; x_wconf 89' lang='lat' dir='ltr'><strong>quoque.</strong></span> <span class='ocrx_word' id='word_1_50' title='bbox 581 768 713 828; x_wconf 88' lang='lat' dir='ltr'><strong>lmitator</strong></span> <span class='ocrx_word' id='word_1_51' title='bbox 723 775 821 828; x_wconf 90' lang='lat' dir='ltr'><strong>autem</strong></span> <span class='ocrx_word' id='word_1_52' title='bbox 832 777 878 830; x_wconf 86' lang='lat' dir='ltr'><strong>est</strong></span> <span class='ocrx_word' id='word_1_53' title='bbox 889 767 1053 830; x_wconf 78' lang='lat' dir='ltr'><strong>Atticorum</strong></span> <span class='ocrx_word' id='word_1_54' title='bbox 1064 769 1193 848; x_wconf 76' lang='lat' dir='ltr'><strong>fecitque</strong></span> <span class='ocrx_word' id='word_1_55' title='bbox 1204 769 1244 829; x_wconf 93' lang='lat' dir='ltr'><strong>illi</strong></span> <span class='ocrx_word' id='word_1_56' title='bbox 1257 787 1328 848; x_wconf 89' lang='lat' dir='ltr'><strong>pro·</strong></span> 
     </span>
     <span class='ocr_line' id='line_1_7' title="bbox 258 853 1382 933; baseline 0.006 -20"><span class='ocrx_word' id='word_1_57' title='bbox 258 863 359 933; x_wconf 90' lang='lat' dir='ltr'><strong>perata</strong></span> <span class='ocrx_word' id='word_1_58' title='bbox 373 871 454 914; x_wconf 92' lang='lat' dir='ltr'><strong>mors</strong></span> <span class='ocrx_word' id='word_1_59' title='bbox 468 853 614 928; x_wconf 85' lang='lat' dir='ltr'><strong>iniuriam,</strong></span> <span class='ocrx_word' id='word_1_60' title='bbox 630 855 655 914; x_wconf 93' lang='lat' dir='ltr'><strong>si</strong></span> <span class='ocrx_word' id='word_1_61' title='bbox 666 853 737 932; x_wconf 90' lang='lat' dir='ltr'><strong>quid</strong></span> <span class='ocrx_word' id='word_1_62' title='bbox 748 853 916 915; x_wconf 89' lang='lat' dir='ltr'><strong>adiecturus</strong></span> <span class='ocrx_word' id='word_1_63' title='bbox 927 853 991 929; x_wconf 83' lang='lat' dir='ltr'><strong>sibi,</strong></span> <span class='ocrx_word' id='word_1_64' title='bbox 1008 873 1070 915; x_wconf 90' lang='lat' dir='ltr'><strong>non</strong></span> <span class='ocrx_word' id='word_1_65' title='bbox 1085 853 1110 915; x_wconf 89' lang='lat' dir='ltr'><strong>si</strong></span> <span class='ocrx_word' id='word_1_66' title='bbox 1126 853 1197 932; x_wconf 91' lang='lat' dir='ltr'><strong>quid</strong></span> <span class='ocrx_word' id='word_1_67' title='bbox 1212 853 1328 916; x_wconf 88' lang='lat' dir='ltr'><strong>detrac-</strong></span> <span class='ocrx_word' id='word_1_68' title='bbox 1381 900 1382 920; x_wconf 69' lang='grc'><strong>.</strong></span> 
     </span>
     <span class='ocr_line' id='line_1_8' title="bbox 207 937 1328 1018; baseline 0.003 -21"><span class='ocrx_word' id='word_1_69' title='bbox 207 945 343 1000; x_wconf 84' lang='lat' dir='ltr'><strong>ttbtorus</strong></span> <span class='ocrx_word' id='word_1_70' title='bbox 358 938 422 998; x_wconf 88' lang='lat' dir='ltr'><strong>luit.</strong></span> <span class='ocrx_word' id='word_1_71' title='bbox 452 937 489 998; x_wconf 82' lang='lat' dir='ltr'><strong>Et</strong></span> <span class='ocrx_word' id='word_1_72' title='bbox 504 939 660 1000; x_wconf 89' lang='lat' dir='ltr'><strong>Servius</strong></span> <span class='ocrx_word' id='word_1_73' title='bbox 675 938 873 1018; x_wconf 90' lang='lat' dir='ltr'><strong>Sulpicius</strong></span> <span class='ocrx_word' id='word_1_74' title='bbox 888 939 1037 1018; x_wconf 80' lang='lat' dir='ltr'><strong>insignem</strong></span> <span class='ocrx_word' id='word_1_75' title='bbox 1053 957 1114 1000; x_wconf 91' lang='lat' dir='ltr'><strong>non</strong></span> <span class='ocrx_word' id='word_1_76' title='bbox 1130 939 1268 1000; x_wconf 80' lang='lat' dir='ltr'><strong>inmerito</strong></span> <span class='ocrx_word' id='word_1_77' title='bbox 1284 941 1328 1000; x_wconf 85' lang='lat' dir='ltr'><strong>la·</strong></span> 
     </span>
     <span class='ocr_line' id='line_1_9' title="bbox 258 1023 1329 1104; baseline 0.003 -22"><span class='ocrx_word' id='word_1_78' title='bbox 258 1040 336 1082; x_wconf 92' lang='lat' dir='ltr'><strong>mam</strong></span> <span class='ocrx_word' id='word_1_79' title='bbox 356 1023 452 1085; x_wconf 92' lang='lat' dir='ltr'><strong>tribus</strong></span> <span class='ocrx_word' id='word_1_80' title='bbox 473 1023 657 1086; x_wconf 87' lang='lat' dir='ltr'><strong>orationihus</strong></span> <span class='ocrx_word' id='word_1_81' title='bbox 677 1023 794 1084; x_wconf 90' lang='lat' dir='ltr'><strong>meruit.</strong></span> <span class='ocrx_word' id='word_1_82' title='bbox 824 1023 923 1097; x_wconf 81' lang='lat' dir='ltr'><strong>Multa,</strong></span> <span class='ocrx_word' id='word_1_83' title='bbox 947 1023 972 1084; x_wconf 96' lang='lat' dir='ltr'><strong>si</strong></span> <span class='ocrx_word' id='word_1_84' title='bbox 992 1041 1059 1085; x_wconf 89' lang='lat' dir='ltr'><strong>cum</strong></span> <span class='ocrx_word' id='word_1_85' title='bbox 1082 1023 1190 1085; x_wconf 88' lang='lat' dir='ltr'><strong>iudicio</strong></span> <span class='ocrx_word' id='word_1_86' title='bbox 1205 1025 1329 1104; x_wconf 84' lang='lat' dir='ltr'><strong>legatur,</strong></span> 
     </span>
     <span class='ocr_line' id='line_1_10' title="bbox 258 1106 1332 1188; baseline 0.004 -21"><span class='ocrx_word' id='word_1_87' title='bbox 258 1106 339 1168; x_wconf 92' lang='lat' dir='ltr'><strong>dahit</strong></span> <span class='ocrx_word' id='word_1_88' title='bbox 353 1108 517 1171; x_wconf 83' lang='lat' dir='ltr'><strong>imitatione</strong></span> <span class='ocrx_word' id='word_1_89' title='bbox 532 1110 621 1188; x_wconf 83' lang='lat' dir='ltr'><strong>digna</strong></span> <span class='ocrx_word' id='word_1_90' title='bbox 645 1108 796 1170; x_wconf 85' lang='lat' dir='ltr'><strong>Cassius</strong></span> <span class='ocrx_word' id='word_1_91' title='bbox 811 1107 988 1182; x_wconf 84' lang='lat' dir='ltr'><strong>Severus,</strong></span> <span class='ocrx_word' id='word_1_92' title='bbox 1011 1110 1062 1187; x_wconf 90' lang='lat' dir='ltr'><strong>qui</strong></span> <span class='ocrx_word' id='word_1_93' title='bbox 1077 1109 1102 1170; x_wconf 93' lang='lat' dir='ltr'><strong>si</strong></span> <span class='ocrx_word' id='word_1_94' title='bbox 1117 1110 1223 1171; x_wconf 89' lang='lat' dir='ltr'><strong>ceteris</strong></span> <span class='ocrx_word' id='word_1_95' title='bbox 1237 1110 1332 1171; x_wconf 87' lang='lat' dir='ltr'><strong>virtu·</strong></span> 
     </span>
     <span class='ocr_line' id='line_1_11' title="bbox 258 1191 1383 1274; baseline 0.004 -22"><span class='ocrx_word' id='word_1_96' title='bbox 258 1191 337 1254; x_wconf 91' lang='lat' dir='ltr'><strong>tibus</strong></span> <span class='ocrx_word' id='word_1_97' title='bbox 352 1194 482 1256; x_wconf 86' lang='lat' dir='ltr'><strong>colorem</strong></span> <span class='ocrx_word' id='word_1_98' title='bbox 502 1203 532 1256; x_wconf 92' lang='lat' dir='ltr'><strong>et</strong></span> <span class='ocrx_word' id='word_1_99' title='bbox 546 1196 714 1274; x_wconf 86' lang='lat' dir='ltr'><strong>gravitatem</strong></span> <span class='ocrx_word' id='word_1_100' title='bbox 737 1191 878 1253; x_wconf 91' lang='lat' dir='ltr'><strong>orationis</strong></span> <span class='ocrx_word' id='word_1_101' title='bbox 896 1192 1058 1267; x_wconf 81' lang='lat' dir='ltr'><strong>adiecisset,</strong></span> <span class='ocrx_word' id='word_1_102' title='bbox 1079 1195 1236 1272; x_wconf 89' lang='lat' dir='ltr'><strong>ponendus</strong></span> <span class='ocrx_word' id='word_1_103' title='bbox 1251 1195 1332 1256; x_wconf 89' lang='lat' dir='ltr'><strong>inter</strong></span> <span class='ocrx_word' id='word_1_104' title='bbox 1382 1248 1383 1270; x_wconf 59' lang='grc'>,</span> 
     </span>
     <span class='ocr_line' id='line_1_12' title="bbox 207 1271 1383 1358; baseline 0.004 -22"><span class='ocrx_word' id='word_1_105' title='bbox 207 1285 251 1337; x_wconf 82' lang='lat' dir='ltr'><strong>tlt</strong></span> <span class='ocrx_word' id='word_1_106' title='bbox 259 1279 435 1358; x_wconf 89' lang='lat' dir='ltr'><strong>praecipuos</strong></span> <span class='ocrx_word' id='word_1_107' title='bbox 450 1281 535 1340; x_wconf 84' lang='lat' dir='ltr'><strong>ioret.</strong></span> <span class='ocrx_word' id='word_1_108' title='bbox 564 1279 636 1339; x_wconf 92' lang='lat' dir='ltr'><strong>Nam</strong></span> <span class='ocrx_word' id='word_1_109' title='bbox 652 1287 682 1337; x_wconf 89' lang='lat' dir='ltr'><strong>ct</strong></span> <span class='ocrx_word' id='word_1_110' title='bbox 696 1275 808 1355; x_wconf 83' lang='lat' dir='ltr'><strong>ingenii</strong></span> <span class='ocrx_word' id='word_1_111' title='bbox 823 1275 985 1354; x_wconf 90' lang='lat' dir='ltr'><strong>plurimum</strong></span> <span class='ocrx_word' id='word_1_112' title='bbox 1000 1286 1045 1338; x_wconf 92' lang='lat' dir='ltr'><strong>est</strong></span> <span class='ocrx_word' id='word_1_113' title='bbox 1054 1277 1085 1337; x_wconf 93' lang='lat' dir='ltr'><strong>in</strong></span> <span class='ocrx_word' id='word_1_114' title='bbox 1098 1297 1134 1338; x_wconf 89' lang='lat' dir='ltr'><strong>eo</strong></span> <span class='ocrx_word' id='word_1_115' title='bbox 1147 1287 1176 1338; x_wconf 93' lang='lat' dir='ltr'><strong>et</strong></span> <span class='ocrx_word' id='word_1_116' title='bbox 1186 1279 1333 1341; x_wconf 81' lang='lat' dir='ltr'><strong>acerbitas</strong></span> <span class='ocrx_word' id='word_1_117' title='bbox 1382 1271 1383 1348; x_wconf 64' lang='grc' dir='ltr'>Ϊ</span> 
     </span>
     <span class='ocr_line' id='line_1_13' title="bbox 259 1359 1333 1442; baseline 0.004 -19"><span class='ocrx_word' id='word_1_118' title='bbox 259 1363 342 1439; x_wconf 81' lang='lat' dir='ltr'><strong>mira,</strong></span> <span class='ocrx_word' id='word_1_119' title='bbox 359 1373 387 1425; x_wconf 90' lang='lat' dir='ltr'><strong>et</strong></span> <span class='ocrx_word' id='word_1_120' title='bbox 402 1365 554 1426; x_wconf 91' lang='lat' dir='ltr'><strong>urbanitas</strong></span> <span class='ocrx_word' id='word_1_121' title='bbox 569 1371 599 1424; x_wconf 90' lang='lat' dir='ltr'><strong>et</strong></span> <span class='ocrx_word' id='word_1_122' title='bbox 612 1379 709 1424; x_wconf 90' lang='lat' dir='ltr'><strong>sermo</strong></span> <span class='ocrx_word' id='word_1_123' title='bbox 718 1377 828 1440; x_wconf 77' lang='lat' dir='ltr'><strong>purus3</strong></span> <span class='ocrx_word' id='word_1_124' title='bbox 843 1361 894 1420; x_wconf 89' lang='lat' dir='ltr'><strong>sed</strong></span> <span class='ocrx_word' id='word_1_125' title='bbox 909 1359 977 1440; x_wconf 89' lang='lat' dir='ltr'><strong>plus</strong></span> <span class='ocrx_word' id='word_1_126' title='bbox 987 1363 1139 1422; x_wconf 87' lang='lat' dir='ltr'><strong>stomacho</strong></span> <span class='ocrx_word' id='word_1_127' title='bbox 1154 1381 1241 1442; x_wconf 91' lang='lat' dir='ltr'><strong>qoam</strong></span> <span class='ocrx_word' id='word_1_128' title='bbox 1257 1385 1333 1426; x_wconf 91' lang='lat' dir='ltr'><strong>con·</strong></span> 
     </span>
     <span class='ocr_line' id='line_1_14' title="bbox 259 1444 1333 1525; baseline 0 -15"><span class='ocrx_word' id='word_1_129' title='bbox 259 1448 324 1510; x_wconf 93' lang='lat' dir='ltr'><strong>silio</strong></span> <span class='ocrx_word' id='word_1_130' title='bbox 345 1449 434 1510; x_wconf 87' lang='lat' dir='ltr'><strong>dedit.</strong></span> <span class='ocrx_word' id='word_1_131' title='bbox 476 1449 631 1510; x_wconf 90' lang='lat' dir='ltr'><strong>Praeterea</strong></span> <span class='ocrx_word' id='word_1_132' title='bbox 650 1455 682 1507; x_wconf 91' lang='lat' dir='ltr'><strong>ut</strong></span> <span class='ocrx_word' id='word_1_133' title='bbox 704 1444 795 1506; x_wconf 86' lang='lat' dir='ltr'><strong>amari</strong></span> <span class='ocrx_word' id='word_1_134' title='bbox 815 1445 891 1506; x_wconf 90' lang='lat' dir='ltr'><strong>sales</strong></span> <span class='ocrx_word' id='word_1_135' title='bbox 915 1446 952 1506; x_wconf 90' lang='lat' dir='ltr'><strong>ita</strong></span> <span class='ocrx_word' id='word_1_136' title='bbox 974 1447 1147 1525; x_wconf 81' lang='lat' dir='ltr'><strong>frequenter</strong></span> <span class='ocrx_word' id='word_1_137' title='bbox 1167 1449 1333 1510; x_wconf 87' lang='lat' dir='ltr'><strong>amaritudo</strong></span> 
     </span>
     <span class='ocr_line' id='line_1_15' title="bbox 208 1529 1336 1613; baseline 0.004 -21"><span class='ocrx_word' id='word_1_138' title='bbox 208 1541 250 1596; x_wconf 76' lang='lat'><strong>118</strong></span> <span class='ocrx_word' id='word_1_139' title='bbox 260 1534 324 1613; x_wconf 91' lang='lat' dir='ltr'><strong>ipsa</strong></span> <span class='ocrx_word' id='word_1_140' title='bbox 338 1533 461 1594; x_wconf 88' lang='lat' dir='ltr'><strong>ridicula</strong></span> <span class='ocrx_word' id='word_1_141' title='bbox 476 1544 529 1594; x_wconf 90' lang='lat' dir='ltr'><strong>est.</strong></span> <span class='ocrx_word' id='word_1_142' title='bbox 559 1533 635 1594; x_wconf 91' lang='lat' dir='ltr'><strong>Sunt</strong></span> <span class='ocrx_word' id='word_1_143' title='bbox 649 1531 696 1592; x_wconf 91' lang='lat' dir='ltr'><strong>alii</strong></span> <span class='ocrx_word' id='word_1_144' title='bbox 720 1529 805 1590; x_wconf 92' lang='lat' dir='ltr'><strong>multi</strong></span> <span class='ocrx_word' id='word_1_145' title='bbox 820 1529 929 1604; x_wconf 85' lang='lat' dir='ltr'><strong>diserti,</strong></span> <span class='ocrx_word' id='word_1_146' title='bbox 953 1549 1027 1610; x_wconf 88' lang='lat' dir='ltr'><strong>quos</strong></span> <span class='ocrx_word' id='word_1_147' title='bbox 1047 1532 1185 1610; x_wconf 86' lang='lat' dir='ltr'><strong>persequi</strong></span> <span class='ocrx_word' id='word_1_148' title='bbox 1207 1533 1336 1612; x_wconf 83' lang='lat' dir='ltr'><strong>longum</strong></span> 
     </span>
     <span class='ocr_line' id='line_1_16' title="bbox 259 1598 1384 1696; baseline 0 -17"><span class='ocrx_word' id='word_1_149' title='bbox 259 1627 312 1679; x_wconf 92' lang='lat' dir='ltr'><strong>est.</strong></span> <span class='ocrx_word' id='word_1_150' title='bbox 340 1614 1333 1696; x_wconf 77' lang='lat' dir='ltr'><strong>EorumquosviderimllomitiusAleretluliushlrica-</strong></span> <span class='ocrx_word' id='word_1_151' title='bbox 1383 1598 1384 1664; x_wconf 57' lang='lat' dir='ltr'><strong>l</strong></span> 
     </span>
     <span class='ocr_line' id='line_1_17' title="bbox 259 1700 1331 1784; baseline 0.003 -22"><span class='ocrx_word' id='word_1_152' title='bbox 259 1721 330 1762; x_wconf 90' lang='lat' dir='ltr'><strong>nus</strong></span> <span class='ocrx_word' id='word_1_153' title='bbox 345 1703 434 1781; x_wconf 84' lang='lat' dir='ltr'><strong>longe</strong></span> <span class='ocrx_word' id='word_1_154' title='bbox 445 1703 698 1784; x_wconf 87' lang='lat' dir='ltr'><strong>praestantissimi.</strong></span> <span class='ocrx_word' id='word_1_155' title='bbox 727 1700 894 1761; x_wconf 85' lang='lat' dir='ltr'><strong>Verborum</strong></span> <span class='ocrx_word' id='word_1_156' title='bbox 905 1709 968 1762; x_wconf 88' lang='lat' dir='ltr'><strong>arte</strong></span> <span class='ocrx_word' id='word_1_157' title='bbox 980 1701 1028 1762; x_wconf 92' lang='lat' dir='ltr'><strong>ille</strong></span> <span class='ocrx_word' id='word_1_158' title='bbox 1043 1711 1073 1761; x_wconf 92' lang='lat' dir='ltr'><strong>et</strong></span> <span class='ocrx_word' id='word_1_159' title='bbox 1083 1709 1146 1762; x_wconf 91' lang='lat' dir='ltr'><strong>toto</strong></span> <span class='ocrx_word' id='word_1_160' title='bbox 1163 1719 1272 1780; x_wconf 84' lang='lat' dir='ltr'><strong>genere</strong></span> <span class='ocrx_word' id='word_1_161' title='bbox 1287 1704 1331 1765; x_wconf 92' lang='lat' dir='ltr'><strong>di·</strong></span> 
     </span>
     <span class='ocr_line' id='line_1_18' title="bbox 260 1786 1334 1868; baseline 0.002 -21"><span class='ocrx_word' id='word_1_162' title='bbox 260 1786 346 1848; x_wconf 91' lang='lat' dir='ltr'><strong>cendi</strong></span> <span class='ocrx_word' id='word_1_163' title='bbox 361 1789 573 1867; x_wconf 77' lang='lat' dir='ltr'><strong>praeferendus</strong></span> <span class='ocrx_word' id='word_1_164' title='bbox 594 1797 623 1849; x_wconf 92' lang='lat' dir='ltr'><strong>et</strong></span> <span class='ocrx_word' id='word_1_165' title='bbox 643 1805 732 1868; x_wconf 84' lang='lat' dir='ltr'><strong>quem</strong></span> <span class='ocrx_word' id='word_1_166' title='bbox 748 1786 778 1847; x_wconf 93' lang='lat' dir='ltr'><strong>in</strong></span> <span class='ocrx_word' id='word_1_167' title='bbox 798 1805 924 1847; x_wconf 91' lang='lat' dir='ltr'><strong>numero</strong></span> <span class='ocrx_word' id='word_1_168' title='bbox 938 1795 1073 1848; x_wconf 87' lang='lat' dir='ltr'><strong>veterum</strong></span> <span class='ocrx_word' id='word_1_169' title='bbox 1087 1786 1197 1847; x_wconf 90' lang='lat' dir='ltr'><strong>hahere</strong></span> <span class='ocrx_word' id='word_1_170' title='bbox 1213 1806 1275 1848; x_wconf 94' lang='lat' dir='ltr'><strong>non</strong></span> <span class='ocrx_word' id='word_1_171' title='bbox 1292 1789 1334 1849; x_wconf 91' lang='lat' dir='ltr'><strong>ti-</strong></span> 
     </span>
     <span class='ocr_line' id='line_1_19' title="bbox 259 1871 1385 1990; baseline 0.001 -57"><span class='ocrx_word' id='word_1_172' title='bbox 259 1890 355 1948; x_wconf 92' lang='lat' dir='ltr'><strong>meas;</strong></span> <span class='ocrx_word' id='word_1_173' title='bbox 377 1873 425 1934; x_wconf 93' lang='lat' dir='ltr'><strong>hic</strong></span> <span class='ocrx_word' id='word_1_174' title='bbox 441 1874 615 1935; x_wconf 89' lang='lat' dir='ltr'><strong>concitatior</strong></span> <span class='ocrx_word' id='word_1_175' title='bbox 636 1874 733 1936; x_wconf 88' lang='lat' dir='ltr'><strong>sedin</strong></span> <span class='ocrx_word' id='word_1_176' title='bbox 750 1889 821 1932; x_wconf 89' lang='lat' dir='ltr'><strong>cura</strong></span> <span class='ocrx_word' id='word_1_177' title='bbox 835 1871 996 1932; x_wconf 90' lang='lat' dir='ltr'><strong>verborum</strong></span> <span class='ocrx_word' id='word_1_178' title='bbox 1013 1871 1122 1934; x_wconf 89' lang='lat' dir='ltr'><strong>nimius</strong></span> <span class='ocrx_word' id='word_1_179' title='bbox 1137 1881 1167 1932; x_wconf 92' lang='lat' dir='ltr'><strong>et</strong></span> <span class='ocrx_word' id='word_1_180' title='bbox 1182 1874 1331 1952; x_wconf 92' lang='lat' dir='ltr'><strong>composi·</strong></span> <span class='ocrx_word' id='word_1_181' title='bbox 1384 1946 1385 1990; x_wconf 27' lang='grc'>1</span> 
     </span>
    </p>
   </div>
   <div class='ocr_carea' id='block_1_3' title="bbox 261 1985 1386 4028">
    <p class='ocr_par' dir='ltr' id='par_1_3' title="bbox 261 1985 1385 2192">
     <span class='ocr_line' id='line_1_20' title="bbox 295 1985 1385 2056; baseline 0 -15"><span class='ocrx_word' id='word_1_182' title='bbox 295 1989 401 2054; x_wconf 83' lang='lat' dir='ltr'><strong>Catane,</strong></span> <span class='ocrx_word' id='word_1_183' title='bbox 420 1989 446 2041; x_wconf 85' lang='lat' dir='ltr'><strong>G.</strong></span> <span class='ocrx_word' id='word_1_184' title='bbox 465 1989 587 2055; x_wconf 84' lang='lat' dir='ltr'><strong>Licinius,</strong></span> <span class='ocrx_word' id='word_1_185' title='bbox 605 1990 770 2056; x_wconf 79' lang='lat' dir='ltr'><strong>Zeitgenosse</strong></span> <span class='ocrx_word' id='word_1_186' title='bbox 819 1985 891 2039; x_wconf 88' lang='lat' dir='ltr'><strong>lehte</strong></span> <span class='ocrx_word' id='word_1_187' title='bbox 909 1989 941 2040; x_wconf 77' lang='lat'><strong>25</strong></span> <span class='ocrx_word' id='word_1_188' title='bbox 959 1987 1036 2039; x_wconf 87' lang='lat' dir='ltr'><strong>lehre</strong></span> <span class='ocrx_word' id='word_1_189' title='bbox 1054 1988 1079 2038; x_wconf 93' lang='lat' dir='ltr'><strong>in</strong></span> <span class='ocrx_word' id='word_1_190' title='bbox 1098 1987 1142 2040; x_wconf 87' lang='lat' dir='ltr'><strong>der</strong></span> <span class='ocrx_word' id='word_1_191' title='bbox 1159 1987 1333 2055; x_wconf 76' lang='lat' dir='ltr'><strong>Verbannung</strong></span> <span class='ocrx_word' id='word_1_192' title='bbox 1384 2001 1385 2012; x_wconf 61' lang='lat'>¹</span> 
     </span>
     <span class='ocr_line' id='line_1_21' title="bbox 261 2054 1334 2122; baseline 0.002 -14"><span class='ocrx_word' id='word_1_193' title='bbox 261 2057 306 2110; x_wconf 89' lang='lat' dir='ltr'><strong>des</strong></span> <span class='ocrx_word' id='word_1_194' title='bbox 328 2057 426 2120; x_wconf 75' lang='lat' dir='ltr'><strong>(lilius,</strong></span> <span class='ocrx_word' id='word_1_195' title='bbox 450 2059 516 2110; x_wconf 89' lang='lat' dir='ltr'><strong>auch</strong></span> <span class='ocrx_word' id='word_1_196' title='bbox 540 2059 578 2110; x_wconf 83' lang='lat' dir='ltr'><strong>els</strong></span> <span class='ocrx_word' id='word_1_197' title='bbox 595 2057 698 2110; x_wconf 85' lang='lat' dir='ltr'><strong>Dichter</strong></span> <span class='ocrx_word' id='word_1_198' title='bbox 719 2071 771 2108; x_wconf 86' lang='lat' dir='ltr'><strong>von</strong></span> <span class='ocrx_word' id='word_1_199' title='bbox 822 2054 867 2106; x_wconf 82' lang='lat' dir='ltr'><strong>auf</strong></span> <span class='ocrx_word' id='word_1_200' title='bbox 888 2054 934 2106; x_wconf 86' lang='lat' dir='ltr'><strong>der</strong></span> <span class='ocrx_word' id='word_1_201' title='bbox 956 2055 1022 2108; x_wconf 89' lang='lat' dir='ltr'><strong>losel</strong></span> <span class='ocrx_word' id='word_1_202' title='bbox 1044 2054 1165 2122; x_wconf 86' lang='lat' dir='ltr'><strong>Seriphos</strong></span> <span class='ocrx_word' id='word_1_203' title='bbox 1188 2056 1241 2108; x_wconf 90' lang='lat' dir='ltr'><strong>und</strong></span> <span class='ocrx_word' id='word_1_204' title='bbox 1263 2057 1334 2110; x_wconf 85' lang='lat' dir='ltr'><strong>starh</strong></span> 
     </span>
     <span class='ocr_line' id='line_1_22' title="bbox 261 2122 1331 2192; baseline 0 -14"><span class='ocrx_word' id='word_1_205' title='bbox 261 2126 358 2178; x_wconf 87' lang='lat' dir='ltr'><strong>seinem</strong></span> <span class='ocrx_word' id='word_1_206' title='bbox 370 2125 485 2178; x_wconf 77' lang='lat' dir='ltr'><strong>treunde</strong></span> <span class='ocrx_word' id='word_1_207' title='bbox 498 2126 612 2178; x_wconf 86' lang='lat' dir='ltr'><strong>Catullus</strong></span> <span class='ocrx_word' id='word_1_208' title='bbox 630 2125 771 2192; x_wconf 79' lang='lat' dir='ltr'><strong>geschitat.</strong></span> <span class='ocrx_word' id='word_1_209' title='bbox 822 2122 936 2174; x_wconf 84' lang='lat' dir='ltr'><strong>deselbst</strong></span> <span class='ocrx_word' id='word_1_210' title='bbox 960 2125 993 2176; x_wconf 79' lang='lat'><strong>34</strong></span> <span class='ocrx_word' id='word_1_211' title='bbox 1015 2139 1039 2174; x_wconf 93' lang='lat' dir='ltr'><strong>n.</strong></span> <span class='ocrx_word' id='word_1_212' title='bbox 1058 2123 1124 2190; x_wconf 70' lang='lat' dir='ltr'><strong>Chr„</strong></span> <span class='ocrx_word' id='word_1_213' title='bbox 1146 2140 1167 2177; x_wconf 89' lang='lat' dir='ltr'><strong>s.</strong></span> <span class='ocrx_word' id='word_1_214' title='bbox 1186 2123 1246 2178; x_wconf 86' lang='lat' dir='ltr'><strong>Tac.</strong></span> <span class='ocrx_word' id='word_1_215' title='bbox 1265 2125 1331 2178; x_wconf 83' lang='lat' dir='ltr'><strong>Anu.</strong></span> 
     </span>
    </p>

    <p class='ocr_par' dir='ltr' id='par_1_4' title="bbox 262 2189 1386 2941">
     <span class='ocr_line' id='line_1_23' title="bbox 297 2189 1018 2256; baseline -0.004 -12"><span class='ocrx_word' id='word_1_216' title='bbox 297 2193 426 2245; x_wconf 83' lang='lat' dir='ltr'><strong>Oiceront&#39;.</strong></span> <span class='ocrx_word' id='word_1_217' title='bbox 448 2191 475 2245; x_wconf 88' lang='lat' dir='ltr'><strong>S.</strong></span> <span class='ocrx_word' id='word_1_218' title='bbox 485 2193 578 2245; x_wconf 85' lang='lat' dir='ltr'><strong>Brutus</strong></span> <span class='ocrx_word' id='word_1_219' title='bbox 587 2195 629 2256; x_wconf 81' lang='lat'><strong>82,</strong></span> <span class='ocrx_word' id='word_1_220' title='bbox 640 2195 702 2246; x_wconf 74' lang='lat'><strong>283:</strong></span> <span class='ocrx_word' id='word_1_221' title='bbox 721 2193 772 2244; x_wconf 87' lang='lat' dir='ltr'><strong>Ac-</strong></span> <span class='ocrx_word' id='word_1_222' title='bbox 822 2190 840 2255; x_wconf 86' lang='lat' dir='ltr'><strong>l,</strong></span> <span class='ocrx_word' id='word_1_223' title='bbox 858 2193 899 2242; x_wconf 76' lang='lat' dir='ltr'><strong>ll.</strong></span> <span class='ocrx_word' id='word_1_224' title='bbox 917 2189 958 2254; x_wconf 79' lang='lat' dir='ltr'><strong>lu,</strong></span> <span class='ocrx_word' id='word_1_225' title='bbox 978 2193 1018 2244; x_wconf 84' lang='grc'><strong>21.</strong></span> 
     </span>
     <span class='ocr_line' id='line_1_24' title="bbox 263 2257 1112 2326; baseline 0.001 -15"><span class='ocrx_word' id='word_1_226' title='bbox 263 2263 385 2312; x_wconf 70' lang='lat' dir='ltr'><strong>caranus</strong></span> <span class='ocrx_word' id='word_1_227' title='bbox 409 2261 541 2326; x_wconf 83' lang='lat' dir='ltr'><strong>quoddam</strong></span> <span class='ocrx_word' id='word_1_228' title='bbox 558 2262 667 2314; x_wconf 72' lang='lat' dir='ltr'><strong>dicundi</strong></span> <span class='ocrx_word' id='word_1_229' title='bbox 683 2265 710 2311; x_wconf 90' lang='lat' dir='ltr'><strong>et</strong></span> <span class='ocrx_word' id='word_1_230' title='bbox 727 2277 773 2312; x_wconf 76' lang='lat' dir='ltr'><strong>ee·</strong></span> <span class='ocrx_word' id='word_1_231' title='bbox 857 2260 981 2324; x_wconf 78' lang='lat' dir='ltr'><strong>colerem,</strong></span> <span class='ocrx_word' id='word_1_232' title='bbox 999 2273 1019 2322; x_wconf 86' lang='lat' dir='ltr'><strong>s,</strong></span> <span class='ocrx_word' id='word_1_233' title='bbox 1038 2257 1054 2326; x_wconf 62' lang='grc' dir='ltr'><strong><em>ἦ</em></strong></span> <span class='ocrx_word' id='word_1_234' title='bbox 1072 2261 1112 2312; x_wconf 88' lang='grc'><strong>60.</strong></span> 
     </span>
     <span class='ocr_line' id='line_1_25' title="bbox 262 2296 1386 2395; baseline 0.006 -18"><span class='ocrx_word' id='word_1_235' title='bbox 262 2330 389 2393; x_wconf 80' lang='lat' dir='ltr'><strong>quisittue</strong></span> <span class='ocrx_word' id='word_1_236' title='bbox 411 2327 551 2390; x_wconf 80' lang='lat' dir='ltr'><strong>adferebat</strong></span> <span class='ocrx_word' id='word_1_237' title='bbox 572 2345 674 2395; x_wconf 56' lang='lat' dir='ltr'><strong>genum·</strong></span> <span class='ocrx_word' id='word_1_238' title='bbox 701 2329 774 2394; x_wconf 83' lang='lat' dir='ltr'><strong>qaod</strong></span> <span class='ocrx_word' id='word_1_239' title='bbox 860 2329 916 2378; x_wconf 85' lang='grc'><strong>111.</strong></span> <span class='ocrx_word' id='word_1_240' title='bbox 931 2327 993 2393; x_wconf 75' lang='lat' dir='ltr'><strong>plns</strong></span> <span class='ocrx_word' id='word_1_241' title='bbox 1010 2329 1194 2379; x_wconf 81' lang='lat' dir='ltr'><strong>stomacbo—</strong></span> <span class='ocrx_word' id='word_1_242' title='bbox 1209 2327 1336 2394; x_wconf 74' lang='lat' dir='ltr'><strong>matter</strong></span> <span class='ocrx_word' id='word_1_243' title='bbox 1385 2296 1386 2384; x_wconf 72' lang='lat' dir='ltr'><strong>l</strong></span> 
     </span>
     <span class='ocr_line' id='line_1_26' title="bbox 263 2394 1337 2464; baseline 0.004 -18"><span class='ocrx_word' id='word_1_244' title='bbox 263 2411 424 2462; x_wconf 82' lang='lat' dir='ltr'><strong>quamquam</strong></span> <span class='ocrx_word' id='word_1_245' title='bbox 449 2402 565 2448; x_wconf 75' lang='lat' dir='ltr'><strong>scienter</strong></span> <span class='ocrx_word' id='word_1_246' title='bbox 587 2397 775 2464; x_wconf 76' lang='lat' dir='ltr'><strong>eleganterque</strong></span> <span class='ocrx_word' id='word_1_247' title='bbox 824 2394 905 2460; x_wconf 79' lang='lat' dir='ltr'><strong>lolgte</strong></span> <span class='ocrx_word' id='word_1_248' title='bbox 917 2395 989 2447; x_wconf 87' lang='lat' dir='ltr'><strong>mehr</strong></span> <span class='ocrx_word' id='word_1_249' title='bbox 1000 2395 1070 2446; x_wconf 88' lang='lat' dir='ltr'><strong>einer</strong></span> <span class='ocrx_word' id='word_1_250' title='bbox 1082 2395 1337 2450; x_wconf 83' lang='lat' dir='ltr'><strong>leidenschaltlichen</strong></span> 
     </span>
     <span class='ocr_line' id='line_1_27' title="bbox 263 2462 1338 2532; baseline 0.004 -18"><span class='ocrx_word' id='word_1_251' title='bbox 263 2467 411 2530; x_wconf 81' lang='lat' dir='ltr'><strong>tractabat,</strong></span> <span class='ocrx_word' id='word_1_252' title='bbox 437 2469 550 2517; x_wconf 81' lang='lat' dir='ltr'><strong>nimium</strong></span> <span class='ocrx_word' id='word_1_253' title='bbox 576 2471 665 2518; x_wconf 88' lang='lat' dir='ltr'><strong>tamen</strong></span> <span class='ocrx_word' id='word_1_254' title='bbox 686 2467 775 2532; x_wconf 74' lang='lat' dir='ltr'><strong>inqua·-</strong></span> <span class='ocrx_word' id='word_1_255' title='bbox 824 2462 988 2529; x_wconf 67' lang='lat' dir='ltr'><strong>hipponireg,</strong></span> <span class='ocrx_word' id='word_1_256' title='bbox 1013 2463 1051 2514; x_wconf 90' lang='lat' dir='ltr'><strong>als</strong></span> <span class='ocrx_word' id='word_1_257' title='bbox 1069 2463 1139 2515; x_wconf 88' lang='lat' dir='ltr'><strong>einer</strong></span> <span class='ocrx_word' id='word_1_258' title='bbox 1156 2465 1338 2532; x_wconf 74' lang='lat' dir='ltr'><strong>vernbnltigen</strong></span> 
     </span>
     <span class='ocr_line' id='line_1_28' title="bbox 262 2529 1337 2601; baseline 0.004 -18"><span class='ocrx_word' id='word_1_259' title='bbox 262 2549 325 2583; x_wconf 81' lang='lat' dir='ltr'><strong>rens</strong></span> <span class='ocrx_word' id='word_1_260' title='bbox 349 2537 378 2584; x_wconf 86' lang='lat' dir='ltr'><strong>in</strong></span> <span class='ocrx_word' id='word_1_261' title='bbox 395 2551 423 2584; x_wconf 86' lang='lat' dir='ltr'><strong>se</strong></span> <span class='ocrx_word' id='word_1_262' title='bbox 441 2538 520 2600; x_wconf 86' lang='lat' dir='ltr'><strong>atque</strong></span> <span class='ocrx_word' id='word_1_263' title='bbox 541 2539 597 2601; x_wconf 83' lang='lat' dir='ltr'><strong>ipse</strong></span> <span class='ocrx_word' id='word_1_264' title='bbox 613 2551 668 2586; x_wconf 74' lang='lat' dir='ltr'><strong>sese</strong></span> <span class='ocrx_word' id='word_1_265' title='bbox 688 2535 774 2584; x_wconf 72' lang='lat' dir='ltr'><strong>obem·-</strong></span> <span class='ocrx_word' id='word_1_266' title='bbox 825 2529 973 2596; x_wconf 74' lang='lat' dir='ltr'><strong>necisum,</strong></span> <span class='ocrx_word' id='word_1_267' title='bbox 991 2531 1043 2596; x_wconf 75' lang='lat' dir='ltr'><strong>vgl.</strong></span> <span class='ocrx_word' id='word_1_268' title='bbox 1059 2529 1119 2584; x_wconf 81' lang='lat' dir='ltr'><strong>Tac.</strong></span> <span class='ocrx_word' id='word_1_269' title='bbox 1132 2530 1195 2584; x_wconf 85' lang='lat' dir='ltr'><strong>llial.</strong></span> <span class='ocrx_word' id='word_1_270' title='bbox 1210 2535 1250 2586; x_wconf 83' lang='lat'><strong>26.</strong></span> <span class='ocrx_word' id='word_1_271' title='bbox 1278 2535 1337 2586; x_wconf 80' lang='lat' dir='ltr'><strong>Pri-</strong></span> 
     </span>
     <span class='ocr_line' id='line_1_29' title="bbox 263 2600 1337 2670; baseline 0.003 -19"><span class='ocrx_word' id='word_1_272' title='bbox 263 2617 337 2666; x_wconf 77' lang='lat' dir='ltr'><strong>oans,</strong></span> <span class='ocrx_word' id='word_1_273' title='bbox 352 2606 523 2670; x_wconf 74' lang='lat' dir='ltr'><strong>metuensque</strong></span> <span class='ocrx_word' id='word_1_274' title='bbox 540 2601 774 2654; x_wconf 81' lang='lat' dir='ltr'><strong>necitioeumcol·</strong></span> <span class='ocrx_word' id='word_1_275' title='bbox 824 2615 883 2650; x_wconf 86' lang='lat' dir='ltr'><strong>mus</strong></span> <span class='ocrx_word' id='word_1_276' title='bbox 922 2603 1069 2665; x_wconf 84' lang='lat' dir='ltr'><strong>contempto</strong></span> <span class='ocrx_word' id='word_1_277' title='bbox 1105 2600 1199 2651; x_wconf 86' lang='lat' dir='ltr'><strong>ordine</strong></span> <span class='ocrx_word' id='word_1_278' title='bbox 1239 2617 1337 2668; x_wconf 85' lang='lat' dir='ltr'><strong>rerum,</strong></span> 
     </span>
     <span class='ocr_line' id='line_1_30' title="bbox 264 2667 1339 2736; baseline 0.002 -16"><span class='ocrx_word' id='word_1_279' title='bbox 264 2671 359 2736; x_wconf 75' lang='lat' dir='ltr'><strong>ligaret</strong></span> <span class='ocrx_word' id='word_1_280' title='bbox 388 2675 470 2722; x_wconf 87' lang='lat' dir='ltr'><strong>ettam</strong></span> <span class='ocrx_word' id='word_1_281' title='bbox 495 2687 587 2722; x_wconf 88' lang='lat' dir='ltr'><strong>cerum</strong></span> <span class='ocrx_word' id='word_1_282' title='bbox 615 2672 775 2735; x_wconf 82' lang='lat' dir='ltr'><strong>sanguinem</strong></span> <span class='ocrx_word' id='word_1_283' title='bbox 825 2672 922 2718; x_wconf 78' lang='lat' dir='ltr'><strong>omissa</strong></span> <span class='ocrx_word' id='word_1_284' title='bbox 946 2667 1075 2718; x_wconf 81' lang='lat' dir='ltr'><strong>modestia</strong></span> <span class='ocrx_word' id='word_1_285' title='bbox 1097 2684 1130 2718; x_wconf 89' lang='lat' dir='ltr'><strong>ac</strong></span> <span class='ocrx_word' id='word_1_286' title='bbox 1147 2669 1254 2734; x_wconf 80' lang='lat' dir='ltr'><strong>pudore</strong></span> <span class='ocrx_word' id='word_1_287' title='bbox 1279 2687 1339 2722; x_wconf 86' lang='lat' dir='ltr'><strong>ocr-</strong></span> 
     </span>
     <span class='ocr_line' id='line_1_31' title="bbox 265 2737 1339 2803; baseline 0.001 -15"><span class='ocrx_word' id='word_1_288' title='bbox 265 2737 429 2803; x_wconf 88' lang='lat' dir='ltr'><strong>deperdebat.</strong></span> <span class='ocrx_word' id='word_1_289' title='bbox 826 2738 934 2799; x_wconf 87' lang='lat' dir='ltr'><strong>borum,</strong></span> <span class='ocrx_word' id='word_1_290' title='bbox 955 2737 1022 2800; x_wconf 72' lang='lat' dir='ltr'><strong>ipsis</strong></span> <span class='ocrx_word' id='word_1_291' title='bbox 1039 2738 1119 2786; x_wconf 84' lang='lat' dir='ltr'><strong>etiam</strong></span> <span class='ocrx_word' id='word_1_292' title='bbox 1137 2739 1232 2802; x_wconf 76' lang='lat' dir='ltr'><strong>quibus</strong></span> <span class='ocrx_word' id='word_1_293' title='bbox 1249 2741 1339 2790; x_wconf 82' lang='lat' dir='ltr'><strong>utitur</strong></span> 
     </span>
     <span class='ocr_line' id='line_1_32' title="bbox 264 2800 1338 2923; baseline 0.002 -68"><span class='ocrx_word' id='word_1_294' title='bbox 264 2820 389 2923; x_wconf 51' lang='lat' dir='ltr'><strong>sveffu’m</strong></span> <span class='ocrx_word' id='word_1_295' title='bbox 397 2808 564 2871; x_wconf 71' lang='lat' dir='ltr'><strong>sanguineae,</strong></span> <span class='ocrx_word' id='word_1_296' title='bbox 572 2800 658 2857; x_wconf 85' lang='lat' dir='ltr'><strong>‘echte</strong></span> <span class='ocrx_word' id='word_1_297' title='bbox 665 2805 777 2858; x_wconf 87' lang='lat' dir='ltr'><strong>Lehens-</strong></span> <span class='ocrx_word' id='word_1_298' title='bbox 827 2805 1278 2922; x_wconf 48' lang='lat' dir='ltr'><strong>⁰m31ii⁰⁰mp⁰⁸i²¹ffi⁶tp⁸tffl⁰</strong></span> <span class='ocrx_word' id='word_1_299' title='bbox 1298 2806 1338 2868; x_wconf 70' lang='lat' dir='ltr'><strong>se·</strong></span> 
     </span>
     <span class='ocr_line' id='line_1_33' title="bbox 274 2886 1339 2941; baseline 0.002 -17"><span class='ocrx_word' id='word_1_300' title='bbox 274 2887 324 2924; x_wconf 85' lang='lat' dir='ltr'><strong>nec</strong></span> <span class='ocrx_word' id='word_1_301' title='bbox 343 2887 374 2924; x_wconf 94' lang='lat' dir='ltr'><strong>e.</strong></span> <span class='ocrx_word' id='word_1_302' title='bbox 826 2888 885 2922; x_wconf 82' lang='lat' dir='ltr'><strong>men</strong></span> <span class='ocrx_word' id='word_1_303' title='bbox 906 2887 943 2936; x_wconf 80' lang='lat' dir='ltr'><strong>ep</strong></span> <span class='ocrx_word' id='word_1_304' title='bbox 956 2886 1083 2938; x_wconf 72' lang='lat' dir='ltr'><strong>namque</strong></span> <span class='ocrx_word' id='word_1_305' title='bbox 1115 2889 1339 2941; x_wconf 76' lang='lat' dir='ltr'><strong>eaecuanonpu-</strong></span> 
     </span>
    </p>

    <p class='ocr_par' dir='ltr' id='par_1_5' title="bbox 299 2939 1093 3007">
     <span class='ocr_line' id='line_1_34' title="bbox 299 2939 1093 3007; baseline -0.001 -16"><span class='ocrx_word' id='word_1_306' title='bbox 299 2945 394 2992; x_wconf 84' lang='lat' dir='ltr'><strong>contra</strong></span> <span class='ocrx_word' id='word_1_307' title='bbox 411 2957 439 2992; x_wconf 80' lang='lat' dir='ltr'><strong>se</strong></span> <span class='ocrx_word' id='word_1_308' title='bbox 457 2942 600 2992; x_wconf 86' lang='lat' dir='ltr'><strong>calumnia.</strong></span> <span class='ocrx_word' id='word_1_309' title='bbox 627 2939 684 3007; x_wconf 75' lang='lat' dir='ltr'><strong>vgl.</strong></span> <span class='ocrx_word' id='word_1_310' title='bbox 698 2944 721 3006; x_wconf 87' lang='grc'><strong>3,</strong></span> <span class='ocrx_word' id='word_1_311' title='bbox 736 2943 775 2995; x_wconf 86' lang='lat'><strong>10.</strong></span> <span class='ocrx_word' id='word_1_312' title='bbox 824 2939 959 3006; x_wconf 74' lang='lat' dir='ltr'><strong>guotrat</strong></span> <span class='ocrx_word' id='word_1_313' title='bbox 974 2940 1093 2990; x_wconf 69' lang='lat' dir='ltr'><strong>meatur.</strong></span> 
     </span>
    </p>

    <p class='ocr_par' dir='ltr' id='par_1_6' title="bbox 264 3005 1340 3278">
     <span class='ocr_line' id='line_1_35' title="bbox 264 3005 1340 3074; baseline 0.001 -13"><span class='ocrx_word' id='word_1_314' title='bbox 264 3011 290 3074; x_wconf 74' lang='lat' dir='ltr'><strong>d,</strong></span> <span class='ocrx_word' id='word_1_315' title='bbox 308 3009 332 3060; x_wconf 82' lang='lat'><strong>3.</strong></span> <span class='ocrx_word' id='word_1_316' title='bbox 864 3008 919 3059; x_wconf 80' lang='lat' dir='ltr'><strong>tls.</strong></span> <span class='ocrx_word' id='word_1_317' title='bbox 938 3006 1073 3057; x_wconf 76' lang='lat' dir='ltr'><strong>Domitius</strong></span> <span class='ocrx_word' id='word_1_318' title='bbox 1081 3005 1157 3070; x_wconf 80' lang='lat' dir='ltr'><strong>Afer,</strong></span> <span class='ocrx_word' id='word_1_319' title='bbox 1169 3023 1215 3060; x_wconf 88' lang='lat' dir='ltr'><strong>aus</strong></span> <span class='ocrx_word' id='word_1_320' title='bbox 1229 3007 1340 3062; x_wconf 85' lang='lat' dir='ltr'><strong>Nemau-</strong></span> 
     </span>
     <span class='ocr_line' id='line_1_36' title="bbox 299 3069 1340 3140; baseline 0.005 -15"><span class='ocrx_word' id='word_1_321' title='bbox 299 3080 403 3140; x_wconf 85' lang='lat' dir='ltr'><strong>sancta‚</strong></span> <span class='ocrx_word' id='word_1_322' title='bbox 419 3069 561 3129; x_wconf 87' lang='lat' dir='ltr'><strong>‘leierlich’.</strong></span> <span class='ocrx_word' id='word_1_323' title='bbox 827 3089 880 3137; x_wconf 87' lang='lat' dir='ltr'><strong>sus,</strong></span> <span class='ocrx_word' id='word_1_324' title='bbox 897 3074 1035 3139; x_wconf 74' lang='lat' dir='ltr'><strong>gestorhen</strong></span> <span class='ocrx_word' id='word_1_325' title='bbox 1047 3077 1080 3127; x_wconf 81' lang='lat'><strong>58</strong></span> <span class='ocrx_word' id='word_1_326' title='bbox 1092 3090 1117 3126; x_wconf 92' lang='lat' dir='ltr'><strong>n.</strong></span> <span class='ocrx_word' id='word_1_327' title='bbox 1128 3075 1184 3126; x_wconf 86' lang='lat' dir='ltr'><strong>Chr.</strong></span> <span class='ocrx_word' id='word_1_328' title='bbox 1209 3074 1267 3128; x_wconf 88' lang='lat' dir='ltr'><strong>Von</strong></span> <span class='ocrx_word' id='word_1_329' title='bbox 1286 3077 1340 3130; x_wconf 93' lang='lat' dir='ltr'><strong>ihm</strong></span> 
     </span>
     <span class='ocr_line' id='line_1_37' title="bbox 301 3139 1340 3210; baseline 0.003 -16"><span class='ocrx_word' id='word_1_330' title='bbox 301 3147 443 3210; x_wconf 46' lang='lat' dir='ltr'><strong>aucupata,</strong></span> <span class='ocrx_word' id='word_1_331' title='bbox 463 3143 590 3197; x_wconf 85' lang='lat' dir='ltr'><strong>vielleicht</strong></span> <span class='ocrx_word' id='word_1_332' title='bbox 608 3148 750 3197; x_wconf 84' lang='lat' dir='ltr'><strong>concitato.</strong></span> <span class='ocrx_word' id='word_1_333' title='bbox 828 3146 886 3209; x_wconf 78' lang='lat' dir='ltr'><strong>ssgt</strong></span> <span class='ocrx_word' id='word_1_334' title='bbox 903 3139 988 3202; x_wconf 79' lang='lat' dir='ltr'><strong>Quint.</strong></span> <span class='ocrx_word' id='word_1_335' title='bbox 1008 3141 1037 3205; x_wconf 78' lang='lat' dir='ltr'><strong>V,</strong></span> <span class='ocrx_word' id='word_1_336' title='bbox 1056 3145 1080 3207; x_wconf 87' lang='lat' dir='ltr'><strong>l,</strong></span> <span class='ocrx_word' id='word_1_337' title='bbox 1093 3146 1121 3194; x_wconf 84' lang='lat' dir='ltr'><strong>l:</strong></span> <span class='ocrx_word' id='word_1_338' title='bbox 1140 3159 1216 3208; x_wconf 87' lang='lat' dir='ltr'><strong>quem</strong></span> <span class='ocrx_word' id='word_1_339' title='bbox 1235 3145 1340 3198; x_wconf 78' lang='lat' dir='ltr'><strong>adules-</strong></span> 
     </span>
     <span class='ocr_line' id='line_1_38' title="bbox 301 3211 1340 3278; baseline 0.004 -16"><span class='ocrx_word' id='word_1_340' title='bbox 301 3211 417 3278; x_wconf 79' lang='lat' dir='ltr'><strong>fecitque</strong></span> <span class='ocrx_word' id='word_1_341' title='bbox 432 3213 662 3278; x_wconf 78' lang='lat' dir='ltr'><strong>illi-iniuriam,</strong></span> <span class='ocrx_word' id='word_1_342' title='bbox 679 3213 777 3264; x_wconf 85' lang='lat' dir='ltr'><strong>insshr</strong></span> <span class='ocrx_word' id='word_1_343' title='bbox 828 3212 949 3262; x_wconf 80' lang='lat' dir='ltr'><strong>centulae</strong></span> <span class='ocrx_word' id='word_1_344' title='bbox 965 3226 1053 3262; x_wconf 77' lang='lat' dir='ltr'><strong>cenem</strong></span> <span class='ocrx_word' id='word_1_345' title='bbox 1075 3211 1154 3263; x_wconf 82' lang='lat' dir='ltr'><strong>colui.</strong></span> <span class='ocrx_word' id='word_1_346' title='bbox 1181 3211 1232 3275; x_wconf 82' lang='lat' dir='ltr'><strong>ltu,</strong></span> <span class='ocrx_word' id='word_1_347' title='bbox 1252 3217 1292 3277; x_wconf 89' lang='grc'><strong>11,</strong></span> <span class='ocrx_word' id='word_1_348' title='bbox 1311 3217 1340 3266; x_wconf 84' lang='lat'><strong>3:</strong></span> 
     </span>
    </p>

    <p class='ocr_par' dir='ltr' id='par_1_7' title="bbox 268 3278 1341 3417">
     <span class='ocr_line' id='line_1_39' title="bbox 268 3278 1341 3347; baseline 0.002 -17"><span class='ocrx_word' id='word_1_349' title='bbox 268 3279 494 3346; x_wconf 76' lang='lat' dir='ltr'><strong>ahgeschwichter</strong></span> <span class='ocrx_word' id='word_1_350' title='bbox 510 3280 669 3347; x_wconf 77' lang='lat' dir='ltr'><strong>Bedeutung.</strong></span> <span class='ocrx_word' id='word_1_351' title='bbox 830 3278 895 3331; x_wconf 84' lang='lat' dir='ltr'><strong>Vidi</strong></span> <span class='ocrx_word' id='word_1_352' title='bbox 906 3293 954 3343; x_wconf 83' lang='lat' dir='ltr'><strong>ego</strong></span> <span class='ocrx_word' id='word_1_353' title='bbox 968 3278 1046 3344; x_wconf 79' lang='lat' dir='ltr'><strong>longe</strong></span> <span class='ocrx_word' id='word_1_354' title='bbox 1057 3281 1183 3343; x_wconf 80' lang='lat' dir='ltr'><strong>omnium,</strong></span> <span class='ocrx_word' id='word_1_355' title='bbox 1196 3284 1341 3346; x_wconf 80' lang='lat' dir='ltr'><strong>quaemihi</strong></span> 
     </span>
     <span class='ocr_line' id='line_1_40' title="bbox 298 3343 1341 3417; baseline 0.003 -19"><span class='ocrx_word' id='word_1_356' title='bbox 298 3354 462 3414; x_wconf 73' lang='lat' dir='ltr'><strong>properata,</strong></span> <span class='ocrx_word' id='word_1_357' title='bbox 483 3343 646 3417; x_wconf 80' lang='lat' dir='ltr'><strong>‘lriihzeitig’‚</strong></span> <span class='ocrx_word' id='word_1_358' title='bbox 668 3349 713 3400; x_wconf 87' lang='lat' dir='ltr'><strong>der</strong></span> <span class='ocrx_word' id='word_1_359' title='bbox 730 3347 778 3400; x_wconf 87' lang='lat' dir='ltr'><strong>Be·</strong></span> <span class='ocrx_word' id='word_1_360' title='bbox 829 3361 988 3412; x_wconf 77' lang='lat' dir='ltr'><strong>cognoscere</strong></span> <span class='ocrx_word' id='word_1_361' title='bbox 1000 3351 1120 3413; x_wconf 57' lang='lat' dir='ltr'><strong>contegit,</strong></span> <span class='ocrx_word' id='word_1_362' title='bbox 1135 3364 1267 3400; x_wconf 78' lang='lat' dir='ltr'><strong>summum</strong></span> <span class='ocrx_word' id='word_1_363' title='bbox 1280 3366 1341 3401; x_wconf 87' lang='lat' dir='ltr'><strong>ora-</strong></span> 
     </span>
    </p>

    <p class='ocr_par' dir='ltr' id='par_1_8' title="bbox 268 3414 1341 3552">
     <span class='ocr_line' id='line_1_41' title="bbox 268 3414 1341 3482; baseline 0.003 -16"><span class='ocrx_word' id='word_1_364' title='bbox 268 3415 383 3482; x_wconf 80' lang='lat' dir='ltr'><strong>deutung</strong></span> <span class='ocrx_word' id='word_1_365' title='bbox 401 3434 452 3472; x_wconf 85' lang='lat' dir='ltr'><strong>von</strong></span> <span class='ocrx_word' id='word_1_366' title='bbox 463 3421 616 3470; x_wconf 76' lang='lat' dir='ltr'><strong>inmaturus</strong></span> <span class='ocrx_word' id='word_1_367' title='bbox 628 3417 694 3468; x_wconf 88' lang='lat' dir='ltr'><strong>nahe</strong></span> <span class='ocrx_word' id='word_1_368' title='bbox 706 3415 778 3468; x_wconf 84' lang='lat' dir='ltr'><strong>hom·</strong></span> <span class='ocrx_word' id='word_1_369' title='bbox 828 3419 912 3466; x_wconf 86' lang='lat' dir='ltr'><strong>torem</strong></span> <span class='ocrx_word' id='word_1_370' title='bbox 923 3416 1074 3466; x_wconf 69' lang='lat' dir='ltr'><strong>botritium</strong></span> <span class='ocrx_word' id='word_1_371' title='bbox 1090 3414 1191 3477; x_wconf 74' lang='lat' dir='ltr'><strong>Afrum</strong></span> <span class='ocrx_word' id='word_1_372' title='bbox 1208 3418 1286 3469; x_wconf 81' lang='lat' dir='ltr'><strong>ualde</strong></span> <span class='ocrx_word' id='word_1_373' title='bbox 1302 3435 1341 3470; x_wconf 81' lang='lat' dir='ltr'><strong>se·</strong></span> 
     </span>
     <span class='ocr_line' id='line_1_42' title="bbox 268 3483 1341 3552; baseline 0.002 -16"><span class='ocrx_word' id='word_1_374' title='bbox 268 3484 352 3537; x_wconf 85' lang='lat' dir='ltr'><strong>mend</strong></span> <span class='ocrx_word' id='word_1_375' title='bbox 828 3499 888 3534; x_wconf 90' lang='lat' dir='ltr'><strong>nem</strong></span> <span class='ocrx_word' id='word_1_376' title='bbox 905 3484 1003 3534; x_wconf 77' lang='lat' dir='ltr'><strong>cotidie</strong></span> <span class='ocrx_word' id='word_1_377' title='bbox 1019 3483 1125 3550; x_wconf 82' lang='lat' dir='ltr'><strong>aliquid</strong></span> <span class='ocrx_word' id='word_1_378' title='bbox 1141 3501 1176 3536; x_wconf 80' lang='lat' dir='ltr'><strong>erc</strong></span> <span class='ocrx_word' id='word_1_379' title='bbox 1193 3501 1237 3548; x_wconf 85' lang='lat' dir='ltr'><strong>aa,</strong></span> <span class='ocrx_word' id='word_1_380' title='bbox 1261 3502 1341 3552; x_wconf 81' lang='lat' dir='ltr'><strong>quarn</strong></span> 
     </span>
    </p>

    <p class='ocr_par' dir='ltr' id='par_1_9' title="bbox 269 3549 1343 3891">
     <span class='ocr_line' id='line_1_43' title="bbox 305 3549 1341 3622; baseline 0.001 -17"><span class='ocrx_word' id='word_1_381' title='bbox 305 3555 361 3606; x_wconf 84' lang='grc'><strong>116.</strong></span> <span class='ocrx_word' id='word_1_382' title='bbox 384 3553 493 3606; x_wconf 74' lang='lat' dir='ltr'><strong>tectas</strong></span> <span class='ocrx_word' id='word_1_383' title='bbox 514 3552 662 3620; x_wconf 77' lang='lat' dir='ltr'><strong>Sulpicius,</strong></span> <span class='ocrx_word' id='word_1_384' title='bbox 689 3549 779 3616; x_wconf 78' lang='lat' dir='ltr'><strong>Rufos,</strong></span> <span class='ocrx_word' id='word_1_385' title='bbox 828 3555 975 3615; x_wconf 85' lang='lat' dir='ltr'><strong>meruerat,</strong></span> <span class='ocrx_word' id='word_1_386' title='bbox 999 3555 1161 3604; x_wconf 80' lang='lat' dir='ltr'><strong>auctoritate</strong></span> <span class='ocrx_word' id='word_1_387' title='bbox 1176 3553 1341 3622; x_wconf 84' lang='lat' dir='ltr'><strong>perdentem,</strong></span> 
     </span>
     <span class='ocr_line' id='line_1_44' title="bbox 269 3619 1342 3692; baseline 0.002 -20"><span class='ocrx_word' id='word_1_388' title='bbox 269 3619 367 3674; x_wconf 83' lang='lat' dir='ltr'><strong>lionsul</strong></span> <span class='ocrx_word' id='word_1_389' title='bbox 381 3627 427 3676; x_wconf 79' lang='grc'><strong>144</strong></span> <span class='ocrx_word' id='word_1_390' title='bbox 437 3639 461 3674; x_wconf 90' lang='lat' dir='ltr'><strong>v.</strong></span> <span class='ocrx_word' id='word_1_391' title='bbox 472 3622 536 3684; x_wconf 65' lang='lat' dir='ltr'><strong>Chr„</strong></span> <span class='ocrx_word' id='word_1_392' title='bbox 550 3621 594 3672; x_wconf 87' lang='lat' dir='ltr'><strong>der</strong></span> <span class='ocrx_word' id='word_1_393' title='bbox 607 3619 779 3672; x_wconf 85' lang='lat' dir='ltr'><strong>berbhmteste</strong></span> <span class='ocrx_word' id='word_1_394' title='bbox 830 3635 890 3671; x_wconf 88' lang='lat' dir='ltr'><strong>eum</strong></span> <span class='ocrx_word' id='word_1_395' title='bbox 908 3625 1003 3686; x_wconf 78' lang='lat' dir='ltr'><strong>agente</strong></span> <span class='ocrx_word' id='word_1_396' title='bbox 1020 3620 1082 3685; x_wconf 84' lang='lat' dir='ltr'><strong>illo,</strong></span> <span class='ocrx_word' id='word_1_397' title='bbox 1101 3635 1176 3686; x_wconf 79' lang='lat' dir='ltr'><strong>quern</strong></span> <span class='ocrx_word' id='word_1_398' title='bbox 1190 3624 1342 3692; x_wconf 81' lang='lat' dir='ltr'><strong>principem</strong></span> 
     </span>
     <span class='ocr_line' id='line_1_45' title="bbox 269 3687 1343 3756; baseline 0.005 -17"><span class='ocrx_word' id='word_1_399' title='bbox 269 3687 479 3756; x_wconf 74' lang='lat' dir='ltr'><strong>Rechtsgelehrte</strong></span> <span class='ocrx_word' id='word_1_400' title='bbox 502 3689 585 3740; x_wconf 86' lang='lat' dir='ltr'><strong>seiner</strong></span> <span class='ocrx_word' id='word_1_401' title='bbox 606 3687 672 3751; x_wconf 76' lang='lat' dir='ltr'><strong>zeii,</strong></span> <span class='ocrx_word' id='word_1_402' title='bbox 699 3687 778 3740; x_wconf 88' lang='lat' dir='ltr'><strong>erhoh</strong></span> <span class='ocrx_word' id='word_1_403' title='bbox 829 3687 914 3749; x_wconf 77' lang='lat' dir='ltr'><strong>fuisse</strong></span> <span class='ocrx_word' id='word_1_404' title='bbox 932 3688 1065 3754; x_wconf 82' lang='lat' dir='ltr'><strong>quondam</strong></span> <span class='ocrx_word' id='word_1_405' title='bbox 1082 3687 1140 3749; x_wconf 82' lang='lat' dir='ltr'><strong>fori</strong></span> <span class='ocrx_word' id='word_1_406' title='bbox 1156 3705 1210 3740; x_wconf 90' lang='lat' dir='ltr'><strong>non</strong></span> <span class='ocrx_word' id='word_1_407' title='bbox 1222 3693 1343 3744; x_wconf 81' lang='lat' dir='ltr'><strong>crotalu-</strong></span> 
     </span>
     <span class='ocr_line' id='line_1_46' title="bbox 270 3755 1343 3825; baseline 0.005 -18"><span class='ocrx_word' id='word_1_408' title='bbox 270 3755 311 3808; x_wconf 87' lang='lat' dir='ltr'><strong>die</strong></span> <span class='ocrx_word' id='word_1_409' title='bbox 322 3755 505 3825; x_wconf 87' lang='lat' dir='ltr'><strong>Jurisprodena</strong></span> <span class='ocrx_word' id='word_1_410' title='bbox 523 3771 555 3807; x_wconf 89' lang='lat' dir='ltr'><strong>au</strong></span> <span class='ocrx_word' id='word_1_411' title='bbox 573 3755 642 3808; x_wconf 87' lang='lat' dir='ltr'><strong>einer</strong></span> <span class='ocrx_word' id='word_1_412' title='bbox 655 3756 779 3810; x_wconf 88' lang='lat' dir='ltr'><strong>besonde-</strong></span> <span class='ocrx_word' id='word_1_413' title='bbox 830 3756 911 3819; x_wconf 84' lang='lat' dir='ltr'><strong>bium,</strong></span> <span class='ocrx_word' id='word_1_414' title='bbox 929 3756 986 3822; x_wconf 83' lang='lat' dir='ltr'><strong>alit,</strong></span> <span class='ocrx_word' id='word_1_415' title='bbox 1004 3757 1078 3822; x_wconf 82' lang='lat' dir='ltr'><strong>quod</strong></span> <span class='ocrx_word' id='word_1_416' title='bbox 1092 3756 1235 3822; x_wconf 81' lang='lat' dir='ltr'><strong>indignum</strong></span> <span class='ocrx_word' id='word_1_417' title='bbox 1252 3760 1343 3812; x_wconf 81' lang='lat' dir='ltr'><strong>uidea-</strong></span> 
     </span>
     <span class='ocr_line' id='line_1_47' title="bbox 270 3823 1303 3891; baseline 0.005 -17"><span class='ocrx_word' id='word_1_418' title='bbox 270 3838 314 3876; x_wconf 87' lang='lat' dir='ltr'><strong>ren</strong></span> <span class='ocrx_word' id='word_1_419' title='bbox 333 3823 528 3877; x_wconf 82' lang='lat' dir='ltr'><strong>wissenschait</strong></span> <span class='ocrx_word' id='word_1_420' title='bbox 555 3824 613 3891; x_wconf 75' lang='lat' dir='ltr'><strong>Vgl.</strong></span> <span class='ocrx_word' id='word_1_421' title='bbox 632 3828 655 3889; x_wconf 78' lang='lat'><strong>7,</strong></span> <span class='ocrx_word' id='word_1_422' title='bbox 674 3827 715 3878; x_wconf 82' lang='lat'><strong>30.</strong></span> <span class='ocrx_word' id='word_1_423' title='bbox 831 3829 884 3888; x_wconf 74' lang='lat' dir='ltr'><strong>ber,</strong></span> <span class='ocrx_word' id='word_1_424' title='bbox 901 3825 1028 3884; x_wconf 78' lang='lat' dir='ltr'><strong>riderent,</strong></span> <span class='ocrx_word' id='word_1_425' title='bbox 1046 3825 1096 3875; x_wconf 81' lang='lat' dir='ltr'><strong>atti</strong></span> <span class='ocrx_word' id='word_1_426' title='bbox 1112 3828 1303 3880; x_wconf 78' lang='lat' dir='ltr'><strong>erubescerent.</strong></span> 
     </span>
    </p>

    <p class='ocr_par' dir='ltr' id='par_1_10' title="bbox 303 3890 1343 3962">
     <span class='ocr_line' id='line_1_48' title="bbox 303 3890 1343 3962; baseline 0.006 -18"><span class='ocrx_word' id='word_1_427' title='bbox 303 3895 410 3958; x_wconf 83' lang='lat' dir='ltr'><strong>meruit,</strong></span> <span class='ocrx_word' id='word_1_428' title='bbox 428 3907 448 3948; x_wconf 81' lang='lat' dir='ltr'><strong>s.</strong></span> <span class='ocrx_word' id='word_1_429' title='bbox 468 3896 484 3958; x_wconf 55' lang='grc' dir='ltr'><strong>ᾗ·</strong></span> <span class='ocrx_word' id='word_1_430' title='bbox 504 3894 543 3946; x_wconf 76' lang='lat' dir='ltr'><strong>ll.</strong></span> <span class='ocrx_word' id='word_1_431' title='bbox 572 3923 576 3930; x_wconf 88' lang='lat'><em>-</em></span> <span class='ocrx_word' id='word_1_432' title='bbox 864 3891 950 3944; x_wconf 76' lang='lat' dir='ltr'><strong>lulius</strong></span> <span class='ocrx_word' id='word_1_433' title='bbox 973 3890 1134 3957; x_wconf 75' lang='lat' dir='ltr'><strong>Africanas,</strong></span> <span class='ocrx_word' id='word_1_434' title='bbox 1161 3908 1207 3946; x_wconf 89' lang='lat' dir='ltr'><strong>aus</strong></span> <span class='ocrx_word' id='word_1_435' title='bbox 1234 3894 1343 3962; x_wconf 83' lang='lat' dir='ltr'><strong>Gallico,</strong></span> 
     </span>
    </p>

    <p class='ocr_par' dir='ltr' id='par_1_11' title="bbox 307 3959 1104 4028">
     <span class='ocr_line' id='line_1_49' title="bbox 307 3959 1104 4028; baseline 0.004 -17"><span class='ocrx_word' id='word_1_436' title='bbox 307 3960 412 4012; x_wconf 76' lang='lat' dir='ltr'><strong>Cassius</strong></span> <span class='ocrx_word' id='word_1_437' title='bbox 422 3959 543 4028; x_wconf 72' lang='lat' dir='ltr'><strong>Seuerou,</strong></span> <span class='ocrx_word' id='word_1_438' title='bbox 554 3964 629 4014; x_wconf 85' lang='lat' dir='ltr'><strong>unter</strong></span> <span class='ocrx_word' id='word_1_439' title='bbox 640 3960 779 4028; x_wconf 70' lang='lat' dir='ltr'><strong>Augustus,</strong></span> <span class='ocrx_word' id='word_1_440' title='bbox 830 3959 920 4012; x_wconf 84' lang='lat' dir='ltr'><strong>hlbhte</strong></span> <span class='ocrx_word' id='word_1_441' title='bbox 938 3963 1012 4012; x_wconf 86' lang='lat' dir='ltr'><strong>unter</strong></span> <span class='ocrx_word' id='word_1_442' title='bbox 1029 3959 1104 4014; x_wconf 85' lang='lat' dir='ltr'><strong>Nero.</strong></span> 
     </span>
    </p>
   </div>
   <div class='ocr_carea' id='block_1_4' title="bbox 0 0 1421 4608">
    <p class='ocr_par' dir='ltr' id='par_1_12' title="bbox 0 0 1421 4608">
     <span class='ocr_line' id='line_1_50' title="bbox 0 0 1421 4608; baseline 0 0"><span class='ocrx_word' id='word_1_443' title='bbox 0 0 1421 4608; x_wconf 95' lang='lat' dir='ltr'><strong> </strong></span> 
     </span>
    </p>
   </div>
  </div>
 </body>
</html>
