2796 4608
369 299 371 312 ¹
424 299 530 354 emur
547 301 598 356 vu.
617 303 632 369 a
650 305 758 356 2145.
1079 293 1120 357 ao

68 473 162 535 eruditi
177 474 286 550 volunt,
302 475 382 536 stulti
399 475 519 539 eruditis
530 476 675 540 ridentur.
707 475 737 538 Si
750 495 806 557 qua
818 486 916 539 tamen
928 477 1046 538 fortuna
1061 485 1120 538 um
1142 483 1172 534 tt

68 558 183 620 subitam
198 560 300 621 fecerit
315 561 420 640 agendi
436 562 658 623 necessitatem:
674 561 828 624 mobiliore
841 563 967 641 quodam
979 580 1055 641 opus
1066 561 1121 623 erit

68 644 186 723 ingenio,
202 651 232 705 et
244 645 287 706 vis
303 645 399 706 omnis
420 644 600 708 intendenda
615 647 713 720 rebus,
730 655 759 708 et
780 648 811 708 in
832 647 999 727 praesentia
1020 645 1120 707 remit-

67 729 177 790 tendum
198 729 306 808 aliquid
327 749 363 790 ex
385 747 455 791 cura
473 731 640 805 verborum,
669 731 693 792 si
715 731 856 811 consequi
878 740 1037 810 utrumqne
1058 749 1120 792 non

67 813 181 876 dabitur.
211 814 287 876 Tum
308 824 338 876 et
357 815 470 876 tardior
489 815 691 896 pronuntiatio
714 833 812 878 moras
832 815 922 877 habet
936 825 966 877 et
979 833 1121 895 suspensa

67 917 96 960 ac
109 899 183 960 velut
198 898 336 961 dubitans
352 901 454 974 oratio,
470 909 502 962 nt
518 909 613 962 tamen
630 899 792 962 deliberare
808 920 869 962 non
884 901 1026 963 haesitare
1041 900 1120 961 vide-

67 1001 149 1045 amur.
179 983 252 1058 Hoc,
268 983 337 1046 dum
347 985 523 1064 *egredimur
537 1005 553 1047 e
570 993 667 1066 portu,
683 985 708 1046 si
723 1003 779 1046 nos
789 987 922 1046 nondum
935 986 1040 1066 aptatis
1053 983 1122 1048 satis
1144 993 1172 1044 23

66 1069 244 1130 armamentis
260 1078 326 1149 agat
339 1077 461 1146 ventus3
477 1069 583 1132 deinde
594 1069 731 1150 paulatim
744 1069 830 1130 simul
842 1079 946 1131 euntes
956 1071 1122 1150 aptabimus

66 1154 123 1216 vela
137 1161 165 1214 et
180 1153 371 1233 disponemus
386 1154 527 1216 rudentes
542 1163 571 1216 et
585 1154 701 1236 impleri
716 1154 799 1216 sinus
815 1153 990 1233 optabimus.
1020 1155 1051 1216 ld
1068 1173 1121 1235 po·

64 1240 125 1311 tius,
146 1255 232 1317 quant
248 1257 279 1300 se
294 1239 375 1300 inani
389 1239 548 1302 verborum
562 1239 686 1301 torrenti
708 1238 776 1300 dare
793 1239 875 1319 quasi
889 1240 1122 1318 tempestatibus,

65 1341 119 1404 quo
134 1323 241 1397 volent,
257 1323 458 1386 auferendum.

142 1407 199 1469 Sed
214 1427 275 1470 non
290 1409 406 1470 minore
420 1409 517 1470 studio
533 1409 704 1470 continetur
718 1409 789 1469 haec
804 1408 926 1471 facultas
938 1427 1026 1488 quam
1040 1427 1124 1488 para·
1146 1416 1175 1467 at

63 1501 116 1554 tur.
144 1494 199 1554 Ars
214 1493 294 1554 anim
308 1494 399 1555 semel
413 1501 552 1574 percepta
574 1511 635 1554 non
652 1494 775 1573 eapitur,
797 1493 881 1556 stilus
896 1512 1014 1574 qnoque
1028 1495 1122 1556 inter-

62 1577 197 1639 missione
210 1578 330 1658 paulum
342 1578 500 1640 admodum
511 1580 547 1639 de
559 1578 707 1639 celeritate
719 1578 867 1658 deperdit;
882 1588 1051 1660 promptum
1066 1579 1124 1640 hoc

63 1671 89 1724 et
104 1663 133 1724 in
150 1663 285 1742 expedito
301 1663 430 1742 positum
445 1661 653 1724 exercitatione
665 1663 726 1724 sola
738 1664 918 1725 continetur.
949 1663 1010 1725 iiac
1023 1664 1067 1726 uti
1082 1665 1123 1726 sie

62 1748 203 1827 optimum
218 1756 272 1821 est,
294 1756 328 1808 ut
348 1747 455 1810 cotidie
476 1748 607 1810 dicamus
631 1747 818 1810 audientibus
839 1748 984 1828 pluribus,¹
1000 1751 1124 1813 maxime

61 1834 96 1894 de
108 1849 233 1912 qnorum
245 1832 338 1894 aimus
348 1833 456 1894 iudicio
468 1842 556 1912 atque
567 1832 707 1912 opinione
719 1832 853 1907 solliciti;
868 1849 968 1894 rarum
981 1844 1025 1896 est
1036 1835 1123 1906 enim,

60 1927 91 1978 ut
106 1918 174 1979 satis
190 1935 221 1979 se
233 1917 358 1998 quisque
368 1925 512 1980 vereatur.
541 1917 593 1979 Vel
604 1917 658 1979 soli
673 1925 771 1978 tamen
783 1917 914 1979 dicamus
924 1919 1022 1998 potius
1037 1937 1125 1998 qnam

61 2003 181 2064 omnino
197 2019 258 2063 non
279 2001 418 2065 dicamus.
449 2003 501 2065 Est
522 2010 551 2064 et
572 2001 619 2063 illa
634 2001 802 2063 exercitatio
824 2001 970 2082 cogitandi
993 2011 1126 2082 totasque
1147 2013 1177 2063 25

60 2087 196 2149 materias
209 2085 255 2148 vel
269 2085 387 2148 silentio
403 2087 485 2164 (dum
499 2097 597 2148 tamen
614 2087 697 2168 quasi
708 2087 785 2150 dicat
796 2087 875 2148 intra
886 2106 917 2149 se
932 2088 1040 2168 ipsum)
1056 2105 1124 2168 per-

59 2171 211 2250 sequendi,
228 2189 302 2250 qnae
319 2172 400 2234 nulio
423 2193 483 2234 non
507 2181 538 2234 et
549 2181 684 2252 tempore
699 2180 729 2233 et
743 2173 818 2246 loeo,
835 2173 953 2252 quando
969 2193 1031 2234 non
1046 2173 1124 2234 aliud

60 2257 180 2336 agimus,
196 2256 335 2335 explicari
346 2266 444 2338 potest
455 2267 484 2320 et
495 2257 581 2319 estin
593 2266 677 2338 parte
688 2257 789 2319 utilior
801 2275 887 2338 quam
899 2260 971 2320 hacc
982 2258 1124 2340 proxima.

92 2408 133 2459 22.
152 2421 241 2457 moras
258 2405 342 2469 dabat,
359 2399 495 2472 ‘gewihrt
514 2421 570 2458 ver·
619 2405 1128 2474 Pronomens‚dientnurUmschreibnng

57 2474 163 2528 ursacht
181 2473 220 2525 ein
238 2467 403 2556 innehaitep’.
619 2473 1125 2556 einesabstraktensubstantivumspvpl.

89 2557 227 2663 ffatim
253 2533 460 2662 ppdtsstppps’bhen
485 2609 568 2660 haben
618 2540 1130 2675 grafdrdezndilrlitzopggssd-o-zzgffgm

55 2678 105 2730 wir
125 2677 239 2729 dieselbe
257 2675 346 2742 dirue,
365 2677 416 2742 egl.
434 2675 476 2741 Vi,
494 2680 518 2742 4,
538 2679 568 2730 10
615 2676 755 2742 publicum
773 2681 799 2726 ot
810 2679 890 2728 tonas
908 2677 981 2729 domi
998 2680 1069 2727 artes
1087 2676 1129 2726 de-

53 2747 122 2810 Hoc,
133 2745 197 2796 dum
207 2745 272 2796 ordo
280 2743 497 2812 occeperunt,
507 2749 528 2810 i,
537 2747 569 2797 76
620 2745 816 2795 donaetaoimei.

52 2816 114 2866 Hoc
133 2816 160 2862 at
177 2814 250 2877 apud
266 2829 317 2865 eoa.
654 2827 748 2863 rurum
771 2816 811 2862 ert
827 2839 860 2848 -
877 2815 919 2878 ut,
940 2811 993 2878 vgi.
1016 2809 1130 2864 Ellendt·

90 2881 211 2930 tcmnti
230 2909 264 2919 -
283 2883 491 2948 tempestatibus,
513 2881 570 2932 eine
622 2877 745 2948 Seyfferts
762 2879 871 2931 Gramm.
889 2881 904 2944 ᾗ
922 2881 969 2932 290
987 2879 1060 2932 dnm.
1079 2881 1103 2933 3.

51 2947 118 3001 sehr
134 2944 221 2998 kdhne
232 2947 467 3016 Ausdrucksweise‚
486 2947 569 3010 Quint.
656 2949 695 3002 25.
713 2947 763 3000 Est
779 2945 872 3013 atillo,
890 2947 991 3000 iihnlich
1004 2947 1055 2999 wie
1067 2963 1089 3000 z.
1101 2945 1130 2999 B.

51 3013 133 3068 h'aiufi
152 3011 208 3066 hier
225 3011 282 3067 Bild
300 3017 346 3068 aus
361 3015 426 3070 Bild.
620 3013 662 3080 IX,
685 3017 709 3081 3,
727 3017 771 3068 35:
797 3019 836 3066 est
858 3020 885 3065 et
905 3015 976 3068 titud
994 3015 1133 3082 repetendi

89 3085 135 3135 24.
153 3085 267 3148 capitur.
293 3083 381 3138 Dieser
392 3083 526 3138 Ausdruck
537 3086 571 3138 ist
619 3097 705 3148 genus
728 3083 799 3149 quod
814 3078 923 3139 ‘hierher
941 3083 1031 3150 gehdrt
1048 3077 1132 3136 noch’.

52 3151 131 3204 nicht
146 3149 213 3202 ohne
225 3151 338 3218 Austois,
357 3153 451 3206 ebenso
464 3157 572 3221 rapitur
656 3151 719 3202 dum
737 3181 770 3189 -
786 3153 882 3218 iprum,
900 3151 998 3204 enthiit
1016 3152 1072 3204 eine
1087 3151 1131 3202 be·

51 3217 110 3272 und
124 3217 235 3282 labitur,
251 3219 301 3272 wie
319 3235 376 3272 man
395 3221 468 3274 daiur
480 3221 573 3274 schrei-
623 3217 946 3286 schrinkendeidrklirung
957 3219 1131 3273 ventilantia.

51 3288 107 3340 ben
134 3285 200 3335 will.
236 3285 302 3352 Capi
324 3287 401 3340 heiist
425 3289 470 3342 des
493 3289 573 3342 ireien
658 3287 743 3351 dicat,
769 3287 816 3340 mit
837 3287 1044 3340 unbestimmteun
1067 3283 1132 3338 Sub-

52 3353 208 3408 Gebrauche
219 3352 327 3405 beraubt
334 3355 444 3420 werden,
452 3358 574 3422 gewohn-
621 3355 703 3422 iente,
720 3355 772 3422 vgi.
790 3371 821 3408 zu
838 3354 856 3418 1¹,
875 3358 898 3408 7.

19 3463 20 3480 ,
51 3421 109 3476 iich
135 3419 185 3488 mit
208 3419 265 3471 dem
287 3419 392 3472 Ablatir
416 3423 478 3475 oder
504 3425 574 3476 einer
658 3423 1009 3490 repercutiente.

19 3493 20 3508 ’
51 3488 238 3557 Prdposition,
270 3481 401 3554 ‘gelihmt'
431 3490 492 3544 oder
519 3486 574 3558 ‘ge
655 3497 790 3560 prociona.
824 3437 858 3542 ds
880 3491 985 3543 handelt
1009 3489 1063 3542 sich
1089 3505 1132 3540 nm

19 3509 20 3536 i

19 3551 20 3632 i
52 3557 196 3611 schwicht
207 3551 317 3608 werden'
328 3571 349 3607 a.
359 3553 388 3606 B.
398 3557 482 3610 altero
497 3561 573 3610 oculo
625 3561 729 3613 tritten
742 3559 786 3613 des
798 3557 1030 3626 Extemporierens:
1051 3559 1072 3609 t.
1086 3573 1133 3610 au-

19 3639 20 3660 *
53 3628 129 3692 oapi.
167 3623 256 3676 Neben
273 3627 358 3674 mente
376 3625 522 3691 coptusbei
537 3625 575 3677 tt·
626 3628 759 3680 otiantibus
784 3629 908 3696 pierides
940 3629 1057 3678 maxima
1085 3630 1133 3677 cet.

52 3695 117 3746 vius
138 3708 214 3742 unane
231 3695 314 3758 capia.
626 3695 649 3746 2.
668 3698 710 3746 vel
725 3697 829 3748 eilmttio
843 3724 875 3734 -
885 3693 1062 3762 persequendi
1067 3713 1073 3753 ς
1092 3693 1132 3745 die

85 3761 429 3828 promptum-positum.
457 3758 508 3813 lias
523 3759 575 3811 Ad·
626 3759 1134 3816 ³.dienichtweiterinBetrachtkommt

49 3827 191 3893 jelitivum
215 3827 306 3888 (seiten
324 3825 369 3879 das
387 3825 431 3879 der
449 3831 471 3880 3.
490 3825 574 3879 Dekii·
625 3831 728 3880 oetsali
741 3831 902 3883 dicamueist
914 3827 1133 3896 geuisoermassen

19 3921 20 3928 .
54 3896 163 3960 nation)
173 3893 224 3948 und
234 3895 280 3948 das
290 3896 391 3964 passive
401 3893 573 3964 Participium,
625 3897 651 3948 in
669 3896 824 3951 Parenthese
842 3914 889 3951 nur
906 3896 981 3949 dee?
973 3911 1077 3936 aaaaaa
1080 3901 1134 3948 *nes

53 3962 116 4016 hier
142 3963 210 4016 noch
233 3963 280 4015 mit
302 3961 481 4030 Hinzuidgnng
504 3963 574 4015 eines
626 3971 717 4031 wegen
746 3966 881 4032 hinzugeii

51 4390 61 4485 ³
191 4314 811 4604 fl
