2796 4608
397 247 504 301 carm
523 248 562 302 vr.
581 248 690 316 §.c-t.
726 249 776 303 ut
795 251 811 318 ι
832 253 852 304 ι.
1121 247 1162 310 tu

89 439 148 499 que
171 421 249 482 euim
271 431 384 484 tantum
406 421 516 484 hahent
537 439 635 496 curae,
658 432 691 485 ut
711 443 772 485 nou
797 425 835 486 sit
849 425 963 488 dandus
978 435 1008 488 et
1022 427 1160 488 fortunae

89 507 182 581 locus,
199 523 267 568 cunr
282 526 369 587 saepe
384 508 470 568 etiarn
485 507 610 588 scriptis
625 527 669 582 ca,
691 527 766 588 quae
781 509 880 570 subito
896 521 963 572 nala
979 520 1058 584 sunt,
1080 512 1160 574 inse·

88 601 201 654 rantur.
231 593 359 672 ldenqua
374 602 468 653 tutum
485 592 541 654 hcc
553 593 771 656 exercitationis
785 613 880 673 penus
895 595 935 656 ita
945 595 1160 658 instituendum

88 685 142 752 est,
158 687 191 738 ut
204 688 234 738 et
249 678 361 757 digredi
377 696 411 736 ex
427 695 462 736 eo
478 686 508 736 et
522 679 638 756 regredi
659 677 689 738 in
706 678 734 738 id
751 679 835 740 facile
853 680 1009 759 pessimus.
1040 681 1112 742 Nam
1127 691 1161 742 ut
1181 689 1196 739 t

88 764 216 841 primum
232 772 277 824 est
291 764 379 822 domu
394 762 508 822 adferre
530 770 660 841 paratam
676 763 792 823 dicendi
808 765 923 843 copiam
940 775 1104 840 etcertum,
1120 767 1158 827 ita

87 851 216 910 ralutarc
237 847 379 926 temporis
398 864 522 907 munera
544 847 634 925 louge
654 847 858 909 stultissimum
880 860 934 911 est.
964 851 1062 922 Quare
1078 851 1159 930 cogi-

87 934 157 994 tatio
173 934 204 994 in
221 934 278 994 hoc
293 939 495 1012 praeparetur,
511 941 544 992 ut
559 950 614 993 nos
626 931 746 992 fortuna
757 933 895 1012 decipere
911 954 972 996 non
989 936 1091 1015 possit,
1108 937 1159 996 ad·

86 1020 186 1080 iuvare
199 1017 301 1096 possit
331 1017 363 1077 ld
378 1025 475 1076 autem
492 1017 542 1078 liet
557 1016 716 1078 memoriae
727 1017 849 1092 viribus,
865 1027 898 1080 ut
912 1019 969 1094 illa,
986 1039 1061 1099 quac
1076 1039 1158 1082 onm-

86 1103 165 1183 plexi
181 1103 279 1164 auium
295 1120 407 1174 sumus,
423 1102 516 1162 lluant
530 1120 650 1176 secura;
674 1120 746 1176 nou,
764 1104 904 1165 sollicitos
920 1113 949 1164 et
964 1105 1158 1185 respicientes

85 1197 116 1248 et
130 1205 189 1250 una
205 1206 258 1268 spe
273 1205 434 1267 suspensos
455 1187 670 1248 recordatiouis
691 1207 750 1248 uun
768 1189 867 1250 sinaut
882 1189 1059 1269 providere„
1078 1191 1158 1252 dlic-

84 1273 137 1352 qui
152 1275 198 1334 vel
212 1273 439 1351 extemporalem
455 1273 652 1333 temeritatem
665 1273 741 1334 malo
757 1291 845 1352 quam
860 1274 934 1334 nale
950 1275 1157 1337 cohaerentem

85 1358 305 1436 cogitationem.
335 1358 422 1419 Peius
433 1357 513 1418 eninr
526 1358 679 1437 quaeritur
688 1368 846 1434 retrorsus,
862 1359 1025 1437 quia-dum
1041 1361 1089 1420 illa
1105 1361 1156 1422 dc·
1178 1370 1193 1418 t

85 1443 257 1517 sideramus,
273 1443 309 1503 ab
325 1443 389 1504 aliis
403 1443 571 1516 avertimur,
594 1452 624 1503 et
645 1462 681 1504 ex
697 1444 836 1506 memoria
852 1444 951 1524 potius
966 1464 1014 1507 res
1029 1446 1157 1526 petimus

86 1547 172 1607 quarn
185 1547 221 1589 cx
232 1528 363 1589 materia.
390 1527 477 1588 Plura
490 1537 559 1589 sunt
571 1537 679 1602 autern,
691 1529 715 1588 si
728 1529 877 1608 utrimque
888 1532 1090 1608 quaerendum
1103 1539 1156 1604 est,

86 1631 162 1692 quae
177 1611 302 1674 inveniri
318 1621 444 1692 possunt
459 1629 546 1690 quam
563 1631 638 1691 quae
654 1613 771 1674 iuventa
787 1623 867 1675 sunt

520 1967 630 2042 Cerur
658 1967 722 2039 Vll.

147 2102 480 2190 Quuututloutttt
512 2102 841 2178 exuturouttts
868 2102 1095 2180 rtcttlrls

305 2221 506 2296 Paratur
533 2223 589 2295 ΕΤ
617 2221 932 2297 courtmatrut.

168 2393 311 2456 Maximus
331 2411 400 2453 veru
423 2392 588 2454 studiorum
617 2395 731 2454 lructus
753 2401 807 2466 est,
834 2402 863 2454 et
888 2395 967 2456 velut
992 2395 1155 2473 praemium
1177 2405 1190 2457 t

82 2480 230 2558 quoddam
252 2477 463 2556 amplissimum
483 2477 564 2556 longi
585 2476 703 2550 laboris,
726 2497 762 2539 cx
778 2487 914 2556 tempure
928 2479 1045 2540 dicendi
1060 2480 1152 2540 lacul-

81 2573 141 2639 tas;
156 2581 243 2642 quam
260 2563 309 2642 qui
327 2581 386 2623 uon
404 2562 460 2622 erit
480 2571 667 2634 consecutus,
688 2581 752 2623 mea
768 2562 887 2640 quidem
902 2563 1048 2623 sententia
1064 2563 1154 2624 civili·

82 2649 140 2712 ltus
160 2648 264 2710 ciliciis
286 2646 469 2708 renuntiabit
490 2655 518 2707 et
538 2647 630 2708 sclam
650 2647 800 2708 scribendi
822 2647 988 2709 facultatem
1004 2647 1103 2727 potius
1117 2649 1153 2709 ad

81 2735 138 2800 alia
150 2753 241 2813 opera
254 2742 415 2796 convertet.
445 2731 498 2794 Vix
511 2732 592 2794 euim
602 2732 697 2794 bonae
710 2733 776 2794 fidei
788 2733 850 2792 viro
863 2733 1002 2794 convenit
1013 2732 1152 2794 auxilium

81 2820 112 2880 in
130 2820 282 2898 publicum
297 2818 439 2898 polliceri,
461 2818 540 2897 quod
562 2817 809 2896 praesentissimis
831 2817 997 2897 quibusque
1013 2818 1153 2897 periculis

80 2904 173 2979 desit3
190 2904 301 2965 intrare
319 2913 447 2984 portum,
463 2903 499 2964 ad
515 2921 604 2982 quem
616 2903 697 2965 navis
709 2905 850 2965 accedere
863 2903 918 2964 nisi
929 2902 1046 2964 lenibus
1058 2903 1153 2966 ventis

79 3030 157 3099 nur',
180 3037 270 3089 nihert
292 3037 347 3089 sich
371 3036 416 3088 der
440 3037 592 3106 Bedeutuug
642 3036 828 3103 herqehenden-
845 3037 876 3087 td
897 3036 944 3099 fiet
964 3041 996 3087 ct
1012 3066 1046 3076 -
1062 3053 1155 3088 aarum

79 3119 134 3157 von
151 3108 263 3156 tantum
642 3121 673 3157 au
693 3104 872 3157 wiederhclcu.

114 3177 221 3224 landam
239 3175 438 3236 attractabant,
456 3166 494 3227 ‘es
511 3176 545 3226 ist
562 3189 591 3227 sc
677 3177 701 3224 l.
718 3177 868 3236 retrorsus,
889 3172 968 3225 ditem
991 3173 1031 3225 bei
1057 3172 1152 3237 duint,

78 3239 132 3293 viel
151 3239 232 3307 Surge
250 3240 342 3293 dmaul
357 3236 523 3294 verweudet’.
643 3239 722 3293 durch
747 3239 788 3292 die
811 3239 913 3292 llichter
936 3241 962 3292 in
986 3239 1027 3292 die
1051 3241 1152 3306 spitere

115 3311 139 3362 6.
149 3309 226 3360 domo
239 3307 355 3372 adferre,
366 3302 427 3360 ‘von
440 3308 523 3363 Hense
534 3311 593 3362 anit·
643 3307 721 3361 Prcsa
740 3308 944 3374 obergeqaugen.

78 3373 205 3443 bringam,
224 3377 281 3429 eine
295 3378 330 3428 im
343 3376 448 3430 Gebiete
461 3378 505 3430 der
517 3378 593 3444 pruk-
676 3377 734 3441 illa,
752 3375 862 3428 nimlich
881 3379 1007 3442 cogitatu.

77 3444 180 3497 ttseten
194 3438 385 3497 Beredsamlxeri
401 3445 529 3512 geliullge
541 3445 590 3498 Re·
675 3448 823 3511 utrimque,
841 3444 951 3496 uimliclr
969 3461 1005 3495 aa
1022 3446 1151 3496 memoria

78 3514 197 3576 densart;
216 3514 360 3580 vgl.'l,30.
642 3513 693 3564 und
711 3530 745 3565 ac
762 3514 885 3575 materia,
903 3512 954 3578 egl.
975 3515 997 3576 l,
1019 3516 1074 3566 ltl.
1185 3545 1187 3548 —

113 3579 589 3648 refutareturrapudtaaebetuutnt.
678 3585 700 3633 l.
718 3583 748 3631 in
765 3581 918 3646 pullicum,
935 3574 1003 3632 ‘uum
1021 3579 1151 3646 allgemel·

78 3666 127 3703 nur
154 3666 186 3702 au
213 3649 296 3702 diceet
321 3649 415 3713 Stellc,
442 3648 522 3702 ditare
548 3649 589 3701 bel
642 3642 828 3713 neuNntzeu’,
846 3647 1149 3709 beilliccrodeinv.2,3

78 3719 177 3782 Cicero,
195 3733 240 3784 gar
257 3718 328 3770 niclrt
347 3717 388 3768 bel
405 3717 488 3770 Cicer.
641 3719 671 3768 ia
688 3731 833 3779 commarca,
855 3731 909 3768 was
927 3716 952 3767 lu
970 3715 1015 3767 der
1032 3716 1151 3782 spiteren

112 3803 168 3838 non
185 3815 220 3824 -
235 3789 334 3851 mmm,
353 3785 393 3837 eln
412 3784 451 3837 bis
466 3784 590 3837 zurllun·
641 3784 696 3836 Zelt
714 3783 830 3837 deneben
847 3784 882 3836 im
901 3783 1049 3836 Gebmuche
1065 3784 1107 3836 ist.
1149 3811 1151 3816 ·

78 3854 178 3906 ltcllreit
204 3853 357 3922 gedringter
382 3851 529 3912 Austrum:
558 3869 590 3906 au
674 3855 779 3904 tamara
794 3881 827 3892 -·-
843 3853 935 3918 possit.
975 3850 1025 3906 Das
1050 3850 1152 3904 Gleieh-

77 3922 138 3974 dem
156 3925 241 3974 ersten
258 3937 313 3974 nen
335 3922 369 3974 ist
386 3935 432 3974 aus
450 3920 508 3973 dem
526 3920 590 3974 Vcr-
641 3920 680 3972 nis
698 3920 732 3972 ist
750 3921 796 3972 mit
814 3919 858 3972 der
873 3918 913 3971 bei
927 3917 1011 3980 Quint.
1030 3918 1150 3986 hiullgen
