2796 4608
246 296 286 358 ao
620 295 728 351 curor
745 297 774 351 n
793 299 810 366 ς
830 299 937 353 rs-aa.

247 473 390 554 pressisse
405 491 502 552 genus
516 471 588 534 illud
604 472 739 532 caelestis
753 471 842 532 buius
857 471 888 531 in
901 469 1026 540 diceudo
1042 469 1096 530 viri
1111 468 1167 530 sibi
1182 471 1321 534 videren-

246 569 304 632 tur,
319 557 344 620 si
355 557 386 618 in
399 558 528 619 clausula
540 557 710 636 posuissent
723 574 806 618 esse
820 555 878 616 vid
887 563 1003 616 eatur.
1032 553 1111 633 Ergo
1123 555 1251 634 primum
1264 567 1320 632 est,

247 653 288 716 ut,
305 643 384 721 quod
398 643 568 704 imitaturus
588 651 633 703 est
653 641 788 721 quisque,
809 640 960 720 intellegat
974 649 1012 714 et,
1035 657 1127 718 quare
1143 639 1256 702 bouum
1273 642 1321 716 sit,

247 728 329 790 sciat.
1116 777 1121 786 .

196 822 225 872 19
331 813 409 874 Tum
423 812 454 872 in
470 811 659 891 suscipiendo
674 829 767 872 onere
788 810 923 872 consulat
943 827 1011 872 suas
1025 808 1111 870 vires.
1140 811 1214 872 Nam
1230 829 1322 890 quae-

247 899 314 958 dam
336 907 407 958 sunt
427 895 586 970 imitabilia,
608 895 717 976 quibus
736 903 787 958 aut
808 895 964 956 infirmitas
979 902 1101 956 naturae
1118 913 1179 958 non
1194 896 1323 958 subiciat

248 991 298 1044 aut
312 981 463 1044 diversitas
477 991 632 1062 repugnet.
661 982 714 1056 Ne,
737 980 785 1042 eni
805 990 896 1042 tenue
919 979 1073 1058 ingenium
1089 980 1154 1054 erit,
1175 982 1237 1042 sola
1251 982 1321 1044 velit

247 1067 336 1128 sortia
350 1077 380 1128 et
394 1067 535 1147 abrupta;
551 1067 598 1128 cui
614 1068 690 1126 lorte
706 1065 823 1144 quidem
839 1065 891 1127 sed
905 1064 1091 1140 indomitum,
1110 1082 1212 1127 amore
1226 1066 1321 1128 subti-

247 1152 336 1214 litatis
351 1162 380 1214 et
392 1153 451 1212 vin
465 1170 548 1214 suam
564 1151 668 1232 perdat
689 1159 719 1211 et
734 1149 907 1228 elegantiam
929 1167 1016 1229 quam
1037 1150 1120 1230 cupit
1142 1169 1204 1212 non
1219 1169 1321 1231 perse·

249 1247 365 1316 quatur.
405 1238 483 1298 Nihil
504 1247 549 1300 est
569 1237 648 1298 enim
670 1246 730 1296 tam
750 1235 908 1308 indecens,
929 1254 1018 1314 quam
1040 1253 1108 1295 cum
1129 1236 1227 1298 mollia
1247 1238 1321 1298 dure

197 1331 227 1381 ao
248 1324 332 1384 dunt.
361 1325 458 1402 Atque
474 1341 529 1402 ego
544 1321 585 1381 illi
600 1320 801 1400 praeceptori,
820 1338 908 1398 quem
928 1320 1121 1382 instituebam
1135 1321 1167 1382 in
1182 1322 1257 1384 libro
1273 1341 1321 1383 se·

249 1408 357 1482 cundo,
379 1407 491 1469 credidi
514 1425 576 1468 non
599 1423 633 1465 ea
654 1405 716 1466 sola
730 1405 864 1466 docenda
879 1423 953 1480 esse,
969 1406 1003 1465 ad
1021 1423 1095 1484 quae
1111 1425 1259 1487 quemque
1274 1409 1321 1470 di·

248 1493 430 1573 scipulorum
442 1500 548 1552 natura
559 1489 757 1570 compositum
768 1490 888 1552 rideret.
914 1490 988 1552 Nam
999 1491 1024 1552 is
1037 1500 1067 1552 et
1078 1491 1214 1554 adiurare
1223 1493 1320 1566 debet,

249 1597 324 1656 quac
346 1577 378 1638 in
400 1594 521 1654 quoque
542 1593 645 1636 eorum
667 1575 780 1636 invenit
800 1576 894 1650 bona,
921 1585 951 1635 et
975 1583 1118 1654 quantum
1139 1578 1204 1640 lieri
1224 1587 1323 1659 potest

249 1663 365 1722 adicere
387 1679 463 1739 quae
484 1660 600 1734 desunt,
625 1670 655 1721 et
676 1660 833 1722 emendare
855 1661 997 1739 quaedam
1019 1669 1050 1722 et
1069 1670 1198 1739 mutare;
1223 1671 1323 1725 rector
1386 1671 1387 1680 ’

251 1747 331 1806 enim
352 1755 397 1806 est
416 1746 581 1806 alienorum
602 1745 792 1825 ingeniorum
816 1753 903 1824 atquo
925 1747 1077 1807 formator.
1108 1746 1262 1810 Difficilius
1277 1759 1322 1810 est

199 1837 226 1888 21
251 1839 386 1892 naturam
402 1849 485 1892 suam
500 1832 623 1910 lingere.
654 1830 711 1891 Sed
735 1850 773 1892 ne
795 1831 844 1891 ille
866 1830 986 1909 quidem
1007 1831 1120 1906 doctor,
1143 1851 1321 1913 quamquam

251 1916 359 1991 omnia,
376 1935 451 1996 quae
466 1925 546 1978 recta
560 1927 640 1990 sunt,
655 1917 724 1977 velit
746 1934 811 1976 esse
832 1914 863 1976 iu
879 1915 940 1978 suis
955 1915 1139 1978 auditoribus
1154 1937 1242 1996 quam
1258 1920 1322 1999 ple-

251 2002 380 2076 nissima,
396 2002 427 2062 in
444 2021 479 2062 eo
493 2011 602 2076 tamen,
619 2001 666 2062 eui
682 2009 817 2061 naturam
832 1999 950 2060 obstare
964 2000 1076 2075 viderit,
1092 2001 1246 2064 laborabit.

335 2086 369 2146 ld
383 2105 502 2165 quoque
516 2086 678 2160 vitandum,
700 2086 731 2146 in
754 2103 813 2164 quo
834 2103 941 2164 magna
962 2103 1031 2164 pars
1046 2095 1134 2162 errat,
1154 2107 1192 2149 ne
1207 2089 1238 2150 in
1255 2108 1323 2150 ora-

250 2173 333 2232 tione
357 2180 458 2250 poetas
479 2171 566 2231 nobis
587 2179 616 2230 et
637 2170 802 2245 historicos,
825 2170 856 2230 in
879 2170 935 2231 illis
957 2171 1098 2250 operibus
1119 2181 1253 2236 oratores
1272 2185 1324 2238 aut

198 2263 227 2314 11
250 2256 461 2318 declamatores
475 2255 634 2316 imitandos
645 2264 792 2334 putemus.
823 2254 883 2316 Sua
894 2255 1001 2334 cuique
1013 2258 1166 2337 proposita
1177 2257 1233 2333 lex,
1250 2279 1323 2322 suus

250 2340 341 2401 decor
355 2348 415 2402 est:
441 2358 497 2400 neo
512 2339 664 2401 comoedia
685 2340 716 2401 in
737 2340 901 2402 cothurnos
923 2342 1055 2420 adsurgit
1070 2359 1126 2405 nac
1143 2353 1248 2406 contra
1262 2353 1323 2405 tra-

249 2470 281 2536 V,
291 2475 315 2534 5,
327 2472 357 2523 12
367 2469 431 2523 Non
442 2475 510 2524 mibi
521 2473 628 2524 uidetur·
639 2475 675 2526 ad
686 2476 761 2526 beate
812 2474 983 2528 beneiuander
1000 2476 1112 2542 gestellt.

249 2540 392 2590 vivendum
408 2543 475 2592 ralia
487 2557 567 2607 poseo
584 2545 718 2596 virtutem.
846 2543 946 2607 mollia,
964 2543 1018 2595 hier
1030 2544 1114 2609 gleich
1126 2546 1205 2610 buia,
1223 2545 1324 2608 dulcia,

283 2608 411 2674 coelecta'e,
429 2624 450 2660 a.
467 2625 500 2661 au
521 2614 543 2674 1,
560 2613 603 2665 86.
811 2611 883 2662 nicht
899 2611 934 2662 im
946 2611 1084 2664 tadelnden
1097 2611 1175 2664 Siune
1187 2613 1237 2665 wie
1249 2620 1325 2666 sonst

285 2679 325 2730 19.
343 2679 439 2743 quibua
456 2683 513 2744 aut,
531 2678 615 2732 dieser
627 2678 687 2730 Sata
706 2683 762 2730 ent·
812 2680 942 2732 meisteas.
967 2678 1246 2732 Vielleiebtscbwebte
1257 2681 1326 2734 hier·

249 2743 304 2795 halt
316 2744 374 2796 eine
385 2744 588 2812 Beschrinkung
602 2762 654 2800 voa
670 2749 761 2797 imito-
812 2747 855 2798 bei
874 2746 931 2798 dem
941 2746 1025 2808 Quint.
1044 2763 1091 2800 vor
1101 2747 1179 2800 Arist.
1197 2747 1272 2802 Rhet.
1283 2749 1325 2814 lll,

250 2811 323 2862 bilia.
813 2818 842 2866 l:
867 2808 931 2866 Ἐὰν
955 2803 1004 2866 οὖν
1021 2813 1056 2866 τὰ
1078 2813 1186 2882 μαλακὰ
1203 2813 1326 2889 σκληρῶς

285 2877 376 2931 Nc-
394 2885 470 2930 ot-
491 2885 526 2946 el,
543 2881 584 2932 die
602 2881 760 2946 ungewbhu-
810 2885 857 2933 acal
878 2877 914 2932 τὰ
937 2879 1034 2953 σκληρῖ
1053 2880 1182 2950 μαλακῶς
1202 2881 1324 2956 λέγηται,

249 2946 317 2998 liobe
341 2945 506 3013 Verbinduag
528 2947 569 2999 liu
592 2953 642 3000 aut
660 2977 694 2986 -
712 2953 762 3000 out
811 2944 958 3002 ἀπίθανον
974 2955 1105 3021 γίγνεται.
1156 3007 1167 3017 ‚

250 3013 315 3065 nacb
333 3030 374 3079 rae,
393 3013 425 3065 da
442 3019 468 3064 et
485 3020 558 3068 sonat
575 3016 616 3068 die
632 3016 760 3081 Negation
847 3021 887 3070 20.
909 3020 998 3084 Atque
1020 3019 1065 3070 hat
1085 3019 1128 3072 bei
1151 3019 1325 3087 Uberglngen

251 3081 372 3142 abstblst;
396 3082 462 3134 doeh
485 3083 538 3148 vgl.
556 3083 595 3148 lll,
613 3087 637 3146 8,
656 3087 700 3146 to;
722 3101 760 3136 ae
811 3084 891 3138 alters
909 3085 960 3139 last
984 3087 1025 3138 die
1043 3085 1196 3154 Bedeutung
1213 3104 1265 3141 von
1283 3096 1327 3141 αι-

251 3150 330 3204 altar
341 3177 375 3186 —
387 3155 507 3202 exerceri
523 3151 613 3215 uelint,
631 3157 657 3203 el
669 3155 700 3203 ira
717 3153 761 3203 de-
811 3156 866 3218 qui.

249 3218 399 3270 monadia
409 3223 555 3270 morentur.
581 3219 759 3272 Aucbeinmal
845 3222 913 3272 libro
930 3223 1054 3285 racundo,
1072 3221 1136 3288 llap.
1155 3227 1178 3278 8.

249 3285 291 3336 bei
310 3286 362 3338 Cio.
380 3285 412 3338 de
427 3285 470 3338 oli.
488 3286 506 3349 Ι,
527 3291 566 3351 14,
586 3292 608 3340 1.
846 3288 1327 3356 Difficilius-fingeredientzurlir-

283 3359 369 3420 terrae,
386 3353 438 3420 vgl
459 3357 481 3419 1,
499 3357 540 3407 tt.
812 3357 922 3423 klirung
935 3359 981 3410 des
993 3359 1207 3425 vorangelrenden
1223 3360 1326 3416 Satzes

283 3422 450 3488 indomitam,
467 3423 594 3476 derseine
606 3423 679 3476 llrait
690 3424 760 3476 nieht
846 3428 887 3478 21.
905 3443 1075 3492 quamquam,
1093 3443 1113 3480 s.
1132 3443 1164 3480 zu
1186 3433 1207 3493 1,
1225 3432 1267 3483 33.

249 3506 282 3542 nu
299 3490 392 3556 zdgeln
410 3491 496 3544 wells:
514 3491 556 3542 ein
572 3491 673 3544 solcher
688 3492 760 3556 wird,
844 3495 999 3560 uitandum,
1026 3494 1072 3546 das
1096 3495 1250 3548 Gerundium
1280 3498 1327 3549 be-

250 3573 326 3610 wenn
350 3573 378 3611 er
400 3559 456 3610 sich
477 3558 534 3610 dem
552 3574 639 3623 gaam
654 3560 758 3625 subtile,
809 3562 925 3616 zeichnet
942 3562 992 3614 den
1009 3562 1129 3615 Conatus.

250 3625 290 3678 ltir
308 3626 354 3681 das
372 3641 399 3678 er
410 3626 481 3678 nicht
493 3627 638 3692 geaehaden
656 3629 698 3690 ist,
715 3644 759 3680 nu·
844 3633 976 3696 opmbua,
995 3647 1011 3681 v
1029 3631 1046 3685 l.
1066 3635 1090 3697 1,
1108 3633 1148 3684 31.

251 3693 361 3757 wendet,
377 3694 418 3746 die
430 3695 564 3760 elegantia
577 3695 600 3747 d.
613 3696 629 3747 i.
642 3695 684 3748 die
694 3697 759 3749 rich-
844 3700 885 3750 22.
904 3699 990 3762 decor,
1021 3695 1259 3766 llunstebarakter’,
1285 3701 1327 3754 als

251 3761 304 3826 tige
321 3762 373 3814 ond
390 3761 458 3814 ieine
475 3761 599 3814 Aaswahl
616 3764 671 3816 siclr
688 3765 759 3820 nieht
810 3769 893 3817 etwas
910 3765 1070 3819 Abstraktes.

250 3830 481 3894 nueigenmacben.
503 3830 759 3886 inibulicherWeise
843 3850 893 3884 nec
909 3863 943 3873 -
959 3836 1124 3900 ingr-editur,
1142 3849 1171 3887 es
1188 3836 1259 3887 wire
1277 3851 1328 3887 un-

251 3897 301 3948 wie
319 3897 374 3948 bier
396 3901 532 3950 subtilitas
554 3900 606 3952 und
623 3902 759 3966 elegantia
810 3901 935 3970 possead,
958 3918 1034 3954 avenn
1056 3903 1111 3954 sich
1133 3902 1175 3955 die
1196 3903 1327 3956 Kombdie

250 3965 308 4018 siud
329 3969 350 4030 1,
360 3968 392 4017 18
410 3967 515 4018 aarum
527 3967 579 4020 und
597 3969 704 4034 elegans
715 3984 759 4022 ne
810 3985 869 4022 aum
882 3968 997 4022 Kothurn
1014 3971 1150 4037 verstiege,
1168 3971 1229 4024 aber
1245 3972 1329 4024 eben-
