2796 4608
263 265 303 326 oa
566 267 673 320 osrur
691 266 719 320 u.
737 269 752 333 s
770 269 878 320 11-11,
913 267 952 320 ur.
971 268 987 331 s
1008 272 1029 318 ι.

262 462 321 523 qua
331 461 400 522 pars
414 441 557 521 sequitur.
587 441 717 520 Ideoque
732 459 801 504 oum
815 449 911 503 totum
925 439 1092 520 exprimere
1106 441 1195 519 quem
1210 439 1328 519 elegeris

262 546 358 608 paene
373 527 410 590 sit
423 527 537 588 bomini
548 527 773 588 inconcessum:
788 526 920 606 plurium
934 525 1014 587 bona
1024 543 1171 605 ponamus
1182 532 1251 586 ante
1260 543 1327 586 oou-

262 615 316 688 los,
336 621 370 675 nt
382 612 461 676 aliud
482 631 518 673 ex
538 612 594 673 alio
615 612 744 686 haereat,
764 619 795 674 et
808 631 867 691 quo
883 611 1013 690 quidque
1027 611 1094 674 loeo
1109 610 1265 672 conveniat
1277 628 1329 690 ap·

260 707 365 762 temus.

210 792 238 842 11
344 781 470 846 1111111111
485 789 584 844 autem
599 784 681 859 (nam
695 783 814 862 saepius
827 782 906 844 idem
921 782 1027 858 dicam)
1042 802 1105 846 noa
1120 785 1282 848 sitientum
1296 783 1327 844 in

221 941 224 947 ¹
260 868 367 932 verbis.
396 867 469 930 illuc
484 868 665 930 intendenda
678 887 774 943 mous,
798 875 943 948 quantum
957 868 1048 930 fuerit
1062 868 1118 930 illis
1132 869 1202 932 viris
1215 868 1327 930 deeoris

261 956 292 1016 in
307 953 398 1016 rebus
413 963 501 1034 atque
516 953 662 1034 personis,
686 954 766 1033 quod
780 953 947 1027 eonsilium,
970 972 1046 1034 quae
1060 954 1222 1034 dispositio,
1243 971 1327 1033 quam

261 1040 368 1114 omnia,
384 1040 472 1102 etiam
487 1057 563 1118 quae
577 1039 765 1100 delectationi
780 1038 936 1100 rideantur
950 1038 1024 1114 data,
1046 1041 1082 1102 ad
1096 1039 1249 1102 victoriam
1262 1057 1327 1119 spe-

261 1133 356 1200 ooent3
372 1125 442 1205 quid
457 1132 561 1202 agatur
574 1124 737 1204 prooemio,
758 1141 834 1202 quae
848 1124 922 1186 ratio
941 1133 971 1184 et
985 1143 1073 1204 quom
1088 1126 1165 1188 varia
1181 1124 1327 1197 narrandi,

260 1228 334 1308 quae
349 1210 391 1272 vis
405 1209 552 1290 probandi
567 1227 601 1270 ae
611 1208 774 1283 refellendi,
791 1218 902 1288 quanta
912 1209 944 1269 in
957 1209 1119 1273 adfectibus
1131 1211 1227 1274 omnis
1239 1229 1328 1290 gene·

259 1295 301 1356 ris
315 1295 468 1357 movendis
483 1294 614 1369 seientia,
630 1311 778 1374 quamque
792 1294 877 1356 laus
869 1313 933 1374 ipsa
947 1296 1107 1394 popularis·
1115 1296 1248 1358 utilitatis
1262 1314 1328 1375 gra-

257 1381 298 1442 tia
312 1381 476 1461 adsumpta,
492 1398 567 1458 quae
582 1387 645 1440 tum
660 1388 705 1441 est
718 1379 926 1460 pulcherrima,
942 1399 1011 1441 oum
1025 1381 1167 1461 sequitur,
1184 1400 1245 1442 non
1261 1399 1329 1444 oum
1388 1395 1389 1456 1

206 1471 236 1522 18
257 1466 425 1529 arcessitur.
465 1465 589 1526 liaeo
566 1484 591 1526 si
611 1464 838 1544 perviderimus,
867 1472 931 1526 tum
951 1484 1020 1528 vere
1041 1466 1229 1529 imitabimur.
1270 1467 1329 1538 Qui
1388 1459 1389 1564 1

257 1563 327 1614 vero
343 1551 430 1612 etiam
445 1549 566 1647 propria
580 1549 626 1611 his
641 1549 720 1611 bona
734 1550 883 1626 adiecerit,
904 1559 938 1612 nt
952 1553 1087 1631 suppleat
1103 1571 1177 1632 quae
1192 1554 1329 1630 deerunt,
1388 1565 1389 1604 1

258 1635 486 1698 oiroumoidat
463 1655 487 1696 si
509 1634 580 1714 quid
602 1634 793 1698 redundabit:
821 1637 846 1698 is
861 1637 926 1710 erit,
948 1655 1037 1716 quem
1058 1639 1236 1735 quaerimus,
1260 1657 1329 1719 per·
1388 1617 1389 1706 i

256 1723 352 1784 iaetus
373 1729 487 1796 orator;
513 1739 602 1800 quem
629 1739 712 1781 nuno
745 1721 944 1782 consummari
972 1723 1155 1802 potissimum
1184 1733 1329 1804 oporteat,
1388 1783 1389 1788 ,

257 1825 326 1867 oum
339 1813 422 1867 tanto
437 1806 523 1904 plura
538 1805 670 1886 exempla
684 1805 762 1866 bene
777 1805 894 1867 dicendi
909 1817 1071 1886 supersunt
1092 1827 1180 1888 quam
1195 1810 1260 1886 illis,
1276 1811 1389 1888 qui
1388 1803 1389 1848 i

257 1891 352 1954 adhue
373 1892 481 1953 summi
502 1899 586 1966 sunt,
613 1890 815 1970 contigerunt.
855 1891 929 1952 Nam
957 1893 1013 1954 erit
1032 1894 1106 1956 haee
1127 1913 1246 1976 quoque
1265 1894 1389 1958 laus
1388 1931 1389 1960 l

256 1995 369 2050 eonon,
386 1986 419 2038 ut
433 1978 549 2056 priores
564 1993 728 2056 superasse,
746 1985 882 2054 posteros
898 1977 1033 2040 docuisse
1048 1980 1194 2041 dieantur.

699 2314 809 2388 Corur
834 2315 886 2388 ill.

528 2466 736 2554 QUOMODO
764 2467 1051 2542 SCRIBENDUM.

217 2661 231 2710 1
338 2654 376 2715 Et
389 2655 462 2716 haeo
473 2655 593 2734 quidem
604 2655 710 2716 auxilia
722 2655 907 2717 extrinsecus
919 2655 1111 2729 adhibentur;
1128 2654 1158 2713 in
1174 2653 1211 2714 iis
1226 2663 1331 2717 autem

254 2739 432 2822 quaenobis
447 2739 518 2820 ipsis
532 2741 663 2818 paranda
677 2747 757 2814 sunt,
773 2748 806 2801 ut
817 2739 926 2802 laboris
937 2740 980 2802 sio
991 2737 1123 2800 utilitatis
1135 2737 1222 2798 etiam
1233 2739 1330 2818 longe

252 2823 414 2905 plurimum
428 2825 523 2886 adfert
543 2824 665 2886 stilus.
695 2825 756 2887 Nee
777 2825 916 2887 inmerito
937 2824 975 2884 11.
991 2823 1104 2886 Tullius
1119 2823 1199 2884 huno
1221 2825 1330 2904 opti-

253 2928 347 2971 mum
363 2911 639 2972 effectoremao
654 2911 880 2988 magistrum
902 2907 1052 2970 dioendi
1068 2917 1166 2984 vooat3
1189 2909 1236 2972 oui
1252 2929 1329 2972 sen·

253 2995 362 3056 tentiae
377 3013 536 3074 personam
552 2994 585 3054 L
598 2993 694 3056 Crassi
708 2995 739 3056 in
755 2993 1013 3076 disputationibus,
1030 3011 1105 3072 quae
1120 3002 1190 3055 sunt
1204 2994 1241 3056 de
1256 3013 1329 3056 ora-

253 3129 314 3180 nber
325 3128 395 3180 nicht
407 3143 452 3180 rur
464 3125 633 3192 Anwendung
649 3126 763 3194 (Briger)
815 3128 941 3192 opinione
957 3127 1167 3191 putatemus,
1193 3128 1241 3178 sed
1263 3144 1329 3179 eum

252 3196 407 3330 66127366
418 3195 578 3329 qbboddbbsoebb
590 3193 764 3329 qupppwapoeb
812 3194 1280 3330 εθᾳῖἶίιῖζῖΐῖἶῗηεωέαῗὲξᾭωὲ
1299 3266 1326 3316 9.

251 3335 354 3384 moriae
370 3333 553 3395 infirmitatem
570 3333 737 3398 sequebatur.
846 3346 979 3397 quon-
1002 3334 1198 3396 commereri,
1219 3331 1329 3414 prolep-

286 3402 457 3454 111111-
475 3399 569 3464 diram,
587 3399 762 3452 beziehtsiolr
812 3398 889 3452 tisoh.
903 3403 1037 3451 oratorem
1049 3415 1228 3451 omasummora
1240 3401 1281 3450 ata
1292 3405 1329 3450 ut

251 3467 946 3536 111511161111111111
961 3465 1020 3528 fiat.

287 3540 347 3590 laus
373 3537 528 3603 popular-u,
557 3536 602 3587 das
630 3535 684 3587 Lob
711 3535 756 3587 der
849 3539 870 3588 1.
888 3535 1108 3602 111111111166
1102 3552 1118 3586 1.
1131 3534 1255 3588 nimbis¹
1249 3533 1328 3601 ipsis.

251 3606 351 3672 Mense,
361 3603 636 3664 welohoumhersteht;
649 3604 760 3656 leudon-
845 3604 880 3654 M.
901 3603 1015 3669 11111111,
1037 3603 1068 3656 de
1086 3608 1148 3656 orat.
1166 3601 1185 3666 1,
1203 3605 1245 3668 33,
1265 3606 1328 3656 150.

232 3676 477 3739 immolantem,
497 3676 536 3726 11.
810 3673 928 3736 611261.

284 3742 432 3825 sequitur,
425 3757 461 3793 rm
471 3713 615 3808 iiegensatz
628 3757 660 3792 zu
673 3757 761 3793 oross-
845 3739 876 3792 6.
896 3739 1012 3802 crosno,
1031 3739 1152 3804 licinius,
1173 3739 1329 3791 berdhmter

249 3813 329 3876 stiur,
346 3805 401 3862 ‘der
412 3810 467 3862 siob
484 3826 536 3863 von
549 3810 631 3862 selbst
642 3803 759 3876 ergiebt’,
811 3807 910 3860 Redner
930 3810 1081 3862 1411-911.
1094 3807 1159 3872 Clu„
1173 3806 1214 3860 die
1226 3807 1329 3859 zweite

251 3851 353 3931 ihnlibb
370 3877 438 3942 Vlll,
460 3877 576 3932 Prooem.
597 3880 628 3930 18
647 3878 759 3939 donorio,
810 3874 1012 3942 Hauptperson
1006 3891 1033 3926 111
1050 3873 1146 3928 diesem
1161 3873 1233 3928 biolo
1253 3890 1269 3928 e
1289 3874 1329 3926 ist

251 3951 298 4012 qooe'
320 3953 360 4000 ost
381 3949 410 3997 io
437 3947 547 4000 demde
571 3962 628 3997 mea
653 3915 760 4011 potueri
807 3941 843 3996 11
856 3943 981 3997 Antonius
1002 3945 1155 3998 roa-siv
1168 3943 1223 3996 Chr.
1263 3942 1327 3995 eide
