2796 4608
353 304 459 358 emus
477 305 495 358 1.
513 307 528 372 s
548 307 703 359 sss-teo
723 305 751 358 n.
769 307 784 372 s
805 311 826 359 1.
845 309 869 360 2.
1100 303 1150 363 55*

72 483 164 543 etium
184 499 302 542 memmi
317 481 408 561 gretie
423 481 562 560 begunim
588 482 639 542 sed
661 481 692 542 in
708 480 874 560 eloquendo
890 482 1142 562 eorruptsplem-

75 577 242 646 quemque
264 585 299 628 eo
321 567 584 646 perniciosissime,
608 566 691 645 quod,
716 566 868 628 abundent
893 565 1029 628 dulcibus
1056 567 1141 628 vitiis.

75 651 170 714 Velle·
193 669 261 713 eum
282 669 336 713 suo
357 651 479 730 ingenio
500 651 616 725 dixisse,
637 651 732 712 alieno
753 651 871 714 iudicis.
912 651 985 714 Num
1006 652 1031 713 si
1045 652 1193 731 eliquattt

74 737 310 817 contempsisset,
325 737 469 816 siparum
481 755 542 796 non
554 735 751 815 concupisset,
766 737 863 798 sinon
876 736 976 797 omniu
987 753 1038 798 sue
1047 751 1143 799 ¹simus·

74 831 129 896 set,
145 823 169 884 si
184 840 285 883 uerum
296 821 427 902 pondera
444 820 647 882 minutissimis
662 822 817 882 sententiis
828 840 890 883 non
905 822 1048 902 fregisset,
1067 839 1143 900 eon·

74 926 166 969 sensu
180 907 280 986 potius
294 905 477 968 eruditorum
493 923 581 984 quam
596 921 758 985 puerorum
773 923 873 966 amore
888 907 1143 986 eompmburetur.

75 991 186 1054 Verum
200 992 244 1054 sio
259 1009 377 1070 qnoque
391 991 447 1052 ism
463 989 594 1052 robustis
607 999 638 1051 et
652 989 799 1051 severiore
813 1008 923 1069 genere
938 993 1008 1053 satis
1023 991 1144 1054 firmetis
1153 996 1195 1048 m

75 1077 220 1155 legendus
232 1077 278 1136 vel
288 1076 364 1150 ideo,
376 1077 454 1155 quod
467 1093 606 1137 exercere
617 1083 714 1156 potest
728 1075 878 1154 utrimque
889 1075 1038 1138 iudicium.
1054 1077 1145 1140 Multa

72 1163 167 1235 enim,
182 1171 215 1222 ut
230 1159 297 1236 dini,
312 1160 466 1240 probanda
481 1161 512 1222 in
528 1179 573 1235 eo,
595 1160 687 1222 multe
709 1159 797 1220 etiam
812 1159 983 1221 admiranda
997 1171 1076 1238 sunt,
1092 1162 1145 1223 eli·

73 1263 148 1325 geue
162 1247 250 1308 modo
267 1263 355 1306 surse
370 1245 421 1321 sit3
439 1245 518 1325 quod
532 1245 646 1306 utinam
657 1245 721 1325 ipse
731 1245 858 1307 fecisset.
888 1245 982 1324 Digne
997 1247 1076 1308 enim
1090 1248 1146 1308 mit

76 1331 125 1391 ills
142 1340 253 1406 nature,
270 1347 345 1409 quoe
359 1330 480 1391 metiore
495 1331 596 1408 veliet;
612 1331 692 1409 quod
706 1329 798 1391 voluit
813 1330 918 1392 effecit.
990 1348 992 1359 ’

459 1533 764 1546 numum—nm·-

523 1685 697 1759 Coponii.

393 1837 456 1908 DE
492 1836 831 1910 ΙΜΙΤΑΤΙΟΝΕ.

161 2024 206 2086 Ex
227 2024 274 2085 his
295 2024 460 2103 ceterisque
482 2023 608 2086 lectione
629 2021 725 2104 dignis
746 2021 916 2086 auctoribus
938 2030 967 2083 et
987 2021 1146 2086 verborum
1169 2027 1183 2079 1

77 2110 220 2174 sumenda
235 2109 319 2190 eopia
330 2117 375 2170 est
386 2119 415 2170 et
425 2109 549 2170 varietus
560 2111 722 2190 figurarum
733 2117 762 2169 et
774 2105 973 2187 componendi
984 2105 1067 2182 ratio,
1083 2115 1146 2168 tum

78 2198 112 2258 ad
135 2195 301 2275 exemplum
321 2195 464 2255 virtutum
488 2195 619 2256 omnium
636 2211 721 2255 mens
742 2191 911 2271 derigenda.
941 2191 1044 2272 Neque
1067 2193 1170 2266 enim·

6 2309 7 2314 ¹
78 2281 205 2343 dubitari
220 2285 326 2362 potest,
342 2279 413 2358 quin
429 2279 499 2341 entis
514 2298 583 2360 pars
593 2297 700 2358 magne
715 2277 902 2340 eontinentur
916 2275 1146 2338 imitatione.

76 2367 151 2428 Nem
165 2375 200 2434 ut
214 2365 347 2426 invenire
367 2364 497 2444 primum
518 2365 573 2426 tuit
594 2372 697 2442 estque
719 2363 923 2443 praecipuum,
945 2363 988 2423 sie
1004 2381 1046 2438 ee,
1071 2379 1146 2442 quoe

78 2452 156 2512 bene
171 2451 289 2511 inventa
304 2455 383 2523 sunt,
398 2449 469 2530 utile
485 2449 578 2528 sequi.
614 2448 710 2527 Atque
726 2447 822 2508 omnis
836 2447 911 2508 vitoe
925 2447 1000 2508 ratio
1016 2448 1058 2508 sic
1074 2463 1146 2510 oon·
1169 2452 1184 2503 2

80 2546 146 2612 stat,
161 2545 195 2597 ut
207 2553 281 2614 quse
292 2533 453 2614 probamus
464 2533 495 2594 in
511 2533 582 2608 aliis,
598 2533 695 2594 faeere
706 2531 762 2610 ipsi
772 2531 905 2592 velimus.
922 2529 971 2590 Sic
982 2531 1147 2591 litterarum

79 2623 194 2694 duetus,
209 2629 243 2680 ut
256 2619 404 2681 scribendi
415 2619 466 2680 fiet
479 2637 560 2693 usus,
575 2617 660 2698 pueri
672 2623 859 2694 sequunturo
870 2615 912 2676 sio
926 2614 1031 2678 musici
1046 2632 1147 2676 voeem

78 2755 191 2819 dialogi.
218 2751 274 2806 Von
291 2752 380 2805 diesen
392 2751 537 2817 Gattungen
553 2749 588 2802 ist
638 2749 722 2812 Quint.
740 2748 775 2800 im
788 2747 1148 2814 Gegensetzvonpmrauob

78 2837 128 2876 uns
139 2822 166 2874 in
178 2820 228 2874 den
240 2828 312 2874 soust
324 2819 482 2874 nablreiehen
494 2817 589 2872 Sebrit-
638 2823 662 2882 t,
676 2821 699 2872 1.
725 2815 783 2882 Vgl.
802 2815 866 2882 Nep.
884 2813 940 2868 Alo.
956 2817 982 2868 2.

78 2896 123 2943 ten
136 2889 248 2942 Senecas
259 2889 343 2946 niehts
355 2889 430 2954 sibrig
445 2886 588 2957 gebliebeu.
671 2888 813 2952 utrimque,
823 2885 850 2935 in
863 2883 1042 2950 ibertrsgener
1050 2881 1149 2936 testeu—

114 2959 235 3013 estotim
254 2959 340 3019 vitiis,
363 2972 396 3010 sn
413 2955 588 3022 Eigenheitem
634 2959 702 3020 ‚tuog
718 2969 771 3005 von
781 2951 833 3005 den
845 2951 936 3004 beiden
949 2949 1149 3004 versehieienen

78 3025 122 3078 die
139 3040 208 3078 swas
223 3025 305 3087 niele,
326 3024 466 3078 besonders
480 3024 589 3089 jungere
639 3021 764 3086 Pmteien,
784 3018 872 3086 biufig
889 3019 934 3073 bei,
950 3017 1044 3086 Quint,
1061 3019 1149 3072 biber

78 3093 159 3148 Lente
185 3092 295 3150 blentieu
326 3091 378 3144 und
407 3092 485 3145 ihnen
513 3090 590 3144 naeh-
639 3089 724 3152 nieht;
743 3088 794 3155 ng
814 3092 838 3154 5,
855 3091 896 3142 20.

77 3161 271 3228 abmungswert
288 3159 444 3223 esscheineu,
464 3158 590 3212 teotsdem
677 3161 699 3211 t.
723 3157 760 3210 ud
783 3155 932 3222 ensmpium
948 3183 982 3192 -
1000 3155 1151 3218 ungenda,

79 3231 141 3282 uber
159 3229 196 3282 als
208 3227 341 3280 Febierzu
357 3227 513 3280 bezeichnen
525 3225 590 3282 sind.
639 3219 716 3278 ‘nasi
736 3225 795 3278 dem
818 3222 940 3277 Verbilde
961 3249 995 3262 -·
1014 3221 1083 3303 mois
1106 3221 1151 3274 der

116 3295 441 3360 Valles-iudicio,seiue
451 3294 589 3348 Gedankeo
639 3292 712 3347 Geist
729 3292 800 3346 seins
812 3290 941 3357 Riebtung
952 3289 1082 3344 erbalten.
1109 3288 1151 3352 vt

78 3380 168 3418 waren
179 3362 348 3428 vortreffliob,
363 3363 419 3416 sein
431 3361 590 3416 Gesehnuek
641 3365 666 3426 t,
684 3363 712 3416 2:
730 3361 844 3424 Ideoque
855 3375 912 3424 sos,
930 3359 997 3424 quid
1005 3360 1035 3410 in
1047 3373 1152 3424 quaque

77 3433 139 3486 lieis
155 3431 207 3485 viel
224 3445 257 3484 zu
274 3431 512 3497 wunsehenjnbrig.
640 3447 671 3480 rs
696 3428 857 3495 sequendum
883 3427 1081 3492 cauendumque
1106 3427 1151 3490 sit,

116 3504 173 3554 130.
191 3499 307 3552 Nam-
320 3501 493 3565 eonoups'mot.
527 3498 590 3552 Eine
641 3493 1153 3561 dooemmoodeinespsdooebimue‚ut

79 3565 590 3635 bebiedige'ndeWiederberstessungder
640 3566 678 3616 ad
698 3581 729 3618 sa
754 3564 886 3616 indicium
911 3563 1057 3640 dirigatur.
1092 3558 1152 3626 iigl.

79 3637 172 3690 Wmte
188 3637 225 3690 ist
241 3636 327 3690 bisber
344 3636 415 3690 nieht
431 3633 567 3700 geluogen.
642 3636 666 3698 i,
679 3635 708 3686 3:
726 3633 775 3684 Ad
791 3631 978 3696 asumptum
995 3629 1072 3682 bsiist
1085 3628 1153 3682 meh

115 3719 214 3758 amore.
232 3702 291 3771 Vgt.
303 3701 344 3767 vt,
355 3707 378 3768 2,
390 3705 434 3756 12:
453 3718 529 3756 amos·
540 3698 591 3756 mi-
642 3700 700 3754 dem
712 3699 842 3764 Verbilde,
859 3697 952 3763 s.11,e‚
963 3699 1007 3749 12:
1025 3696 1062 3746 ad
1072 3697 1153 3748 Phoe-

80 3773 146 3839 bos,
164 3775 264 3826 caritas
281 3758 356 3838 ἦθος.
391 3770 418 3824 ln
436 3787 512 3824 amer
528 3770 592 3836 best
641 3766 856 3822 manliensem·
868 3763 1054 3830 cuempiam
1066 3763 1155 3816 diost-e

80 3843 172 3896 immet
184 3845 268 3894 etwas
279 3838 552 3900 Leidensebsitliches;
571 3853 591 3890 s.
643 3852 675 3904 ae
701 3835 805 3898 funem
836 3835 952 3899 dsgegen
980 3834 1014 3884 in
1044 3847 1155 3884 esem·

77 3911 96 3976 ς
115 3911 157 3962 94.
175 3911 200 3973 2,
220 3911 259 3962 te.
642 3905 733 3972 plum
750 3919 808 3956 sum
825 3899 956 3965 Verbilde,
977 3899 1015 3952 uls
1032 3898 1152 3960 Verbiid3

115 3979 247 4042 remotis,
291 3968 509 4035 ‘Eowsebseneu’s
550 3974 592 4028 bei
644 3973 697 4040 νεὶ.
714 3973 731 4040 ᾗ
750 3975 765 4024 2
784 3969 836 4028 und
855 3971 895 4024 11.
