2796 4608
258 273 298 336 cr
638 274 746 330 onrur
763 275 799 328 ιιι
816 278 834 354 p
851 277 943 329 o-n.

168 474 175 483 ·
259 455 375 534 saepius
397 461 487 514 erunt
508 454 687 533 scriptorum
709 452 852 532 proxima.
891 453 964 512 Nam
987 463 1106 532 praeter
1126 452 1157 514 id
1183 454 1263 532 quod
1288 457 1328 516 sic

258 538 364 600 melius
379 539 544 617 iunguntur
559 538 708 617 prioribus
728 537 891 617 sequentia,
914 539 996 598 calor
1015 556 1136 617 quoque
1154 539 1203 600 ille
1218 539 1327 619 cogita·

259 623 361 697 donis,
375 624 425 702 qui
436 623 583 684 scribendi
594 640 676 684 mora
688 623 810 697 refrixit,
823 622 929 702 recipit
944 641 980 684 er
991 622 1108 702 integro
1121 625 1197 684 vires
1213 633 1242 685 et
1252 627 1328 686 velut

262 710 387 788 repetito
403 709 498 788 spatio
514 708 604 769 sumit
618 709 776 787 impetum;
803 708 881 787 quod
903 707 934 768 iu
951 709 1112 769 certamine
1127 709 1251 772 saliendi
1266 713 1327 772 fieri

260 793 402 866 videmus,
418 801 452 854 ut
467 803 604 854 conatum
625 793 743 872 longius
758 801 861 872 petant
882 801 911 853 et
926 795 961 854 ad
976 793 1047 855 illud
1064 813 1124 873 quo
1139 797 1329 856 contenditur

261 880 388 960 spatium
409 895 499 939 cursu
520 879 669 954 ferentum
685 885 777 956 utque
799 877 828 938 in
851 877 1007 939 iaculando
1028 877 1147 940 brachia
1162 881 1329 943 reducimus

224 975 238 1024 t
260 973 290 1024 et
304 963 454 1044 expulsum
469 964 525 1024 tela
541 981 646 1024 nervos
661 972 741 1024 retro
756 963 914 1024 tendimus.
953 963 1076 1024 Interim
1092 973 1199 1040 tamen,
1216 966 1330 1027 sileret

261 1049 357 1122 ssatus,
373 1049 467 1110 danda
483 1057 553 1110 sunt
568 1049 638 1123 vela,
654 1048 724 1109 dum
740 1065 796 1109 nos
810 1048 994 1126 indulgentia
1008 1048 1057 1112 illa
1073 1068 1132 1110 non
1149 1050 1236 1112 sallat.
1260 1051 1330 1112 Om-

262 1133 312 1194 nia
327 1134 405 1194 enim
423 1143 534 1209 nostra,
550 1135 621 1194 dum
632 1141 806 1204 nascuntur,
821 1133 956 1212 placent;
972 1133 1082 1212 alioqui
1094 1153 1151 1195 nec
1162 1135 1330 1197 scriberen-

262 1228 319 1280 tur.
350 1219 407 1282 Sed
423 1219 578 1280 redeamus
592 1219 627 1279 ad
643 1217 784 1278 iudicium
805 1228 835 1278 et
848 1227 1042 1280 retractemus
1057 1230 1223 1299 suspectam
1240 1222 1330 1282 facili-

225 1313 240 1364 8
261 1311 359 1366 tatem.
390 1305 438 1366 Sic
459 1304 613 1384 scripsisse
633 1302 803 1364 Sallustium
824 1303 1001 1382 accepimus,
1023 1313 1052 1364 ct
1074 1323 1145 1366 sane
1160 1307 1332 1368 manifestus

263 1391 416 1452 ostentam
438 1409 473 1450 ex
496 1408 588 1468 opere
609 1390 673 1467 ipsc
695 1388 787 1448 labor.
828 1387 988 1467 Vergilium
1007 1407 1126 1468 quoque
1141 1391 1332 1470 paucissimos

225 1482 240 1533 ι
261 1471 308 1536 die
322 1475 523 1554 composuisse
544 1492 646 1536 versus
667 1480 771 1534 auctor
792 1481 837 1533 est
851 1472 964 1536 Varius.
995 1474 1128 1539 Oratoris
1143 1477 1261 1554 quidem
1277 1477 1332 1538 alia

263 1559 398 1621 condicio
411 1567 463 1620 est.
493 1559 596 1638 ltaque
607 1560 683 1620 hano
695 1577 809 1619 moram
821 1568 851 1618 et
862 1559 1089 1620 sollicitudinem
1104 1560 1195 1622 initiis
1206 1561 1334 1640 impero.

262 1645 335 1704 Nam
350 1644 480 1722 primum
494 1645 552 1705 hoc
567 1644 818 1717 constituendum,
840 1645 898 1704 hoc
913 1643 1107 1705 obtinendum
1123 1658 1176 1719 est,
1197 1655 1333 1724 utquam

263 1729 372 1808 optime
395 1728 574 1805 scribamus;
596 1730 774 1790 celeritatem
796 1728 877 1789 dabit
897 1729 1091 1790 consuetudo.
1121 1731 1263 1791 Paulatim
1285 1751 1334 1793 res

263 1813 377 1875 facilius
396 1833 429 1876 se
451 1815 618 1889 ostendent,
639 1815 728 1875 rerba
743 1813 976 1893 respondebunt,
992 1815 1167 1894 compositio
1182 1825 1334 1895 sequetur,

214 1962 217 1974 ,
264 1908 372 1960 cuncta
396 1899 525 1979 denique
551 1909 584 1960 ut
604 1901 635 1960 in
658 1901 765 1960 familia
793 1900 870 1960 bene
899 1900 1031 1961 instituta
1052 1900 1083 1960 in
1111 1901 1209 1962 officio
1235 1913 1334 1962 erunt.

212 1995 241 2045 to
263 1985 382 2046 Summa
404 1985 477 2046 haec
499 1995 544 2046 est
564 1985 623 2045 rei:
640 1987 699 2046 cito
720 1984 877 2046 scribendo
899 1986 1018 2059 confit,
1033 1995 1066 2045 ut
1081 1985 1158 2047 bene
1173 1987 1335 2062 scribatur3

262 2069 340 2132 hene
355 2070 514 2131 scribendo
530 2071 572 2144 ιιι,
593 2081 627 2130 ut
641 2071 709 2132 cito.
741 2071 798 2132 Sed
816 2079 880 2130 tum
902 2070 1037 2144 maxime,
1059 2089 1127 2130 cum
1149 2072 1271 2133 facultas
1286 2073 1335 2132 illa

264 2155 431 2234 contigerit,
449 2155 619 2216 resistamus
631 2164 664 2216 ut
674 2156 879 2236 provideamus
891 2163 921 2215 et
933 2155 1082 2216 efferentis
1093 2174 1125 2217 se
1137 2175 1230 2235 equos
1242 2158 1336 2217 irenis

265 2239 439 2318 quibusdam
456 2258 657 2316 coerceamus;
674 2242 753 2320 quod
769 2249 903 2301 nontam
913 2258 1026 2302 moram
1038 2241 1125 2301 saciet
1138 2259 1226 2321 quam
1242 2261 1338 2304 novos

264 2325 392 2404 impetus
414 2325 502 2384 dabit.
540 2325 642 2405 Neque
666 2327 745 2386 enim
767 2344 871 2387 rursus
892 2344 952 2398 eos,
974 2326 1026 2404 qui
1048 2326 1140 2387 robur
1163 2326 1282 2406 aliquod
1305 2328 1336 2388 in

265 2409 331 2470 stilo
353 2409 493 2484 iecerint,
520 2410 557 2469 ad
578 2411 725 2472 intelicern
747 2411 947 2472 calumniandi
968 2430 1000 2472 se
1021 2429 1147 2492 poenam
1173 2412 1340 2490 alligandos

214 2504 241 2554 tt
263 2503 344 2574 puto.
374 2495 448 2555 Nam
459 2495 607 2573 quomodo
618 2499 755 2560 sufficere
768 2497 872 2558 officiis
883 2495 1016 2565 civilibus
1027 2496 1130 2575 possit,
1150 2497 1200 2574 qui
1211 2497 1342 2574 singulis

298 2613 322 2664 6.
340 2615 372 2661 at
383 2639 416 2648 -
430 2616 531 2678 petunt,
548 2606 631 2664 ‘einen
650 2615 773 2666 weiteren
824 2611 936 2680 position
950 2613 988 2677 in,
1006 2612 1056 2662 wie
1069 2611 1119 2662 Cic.
1133 2624 1179 2676 pro
1186 2589 1269 2660 ‘Rose-
1277 2611 1343 2668 Am.

263 2677 360 2730 Anlaul
375 2674 501 2732 nehmen'.
823 2685 865 2744 45,
885 2681 932 2732 132
949 2681 979 2728 in
997 2694 1077 2742 anno,
1096 2676 1200 2728 addam.
1216 2679 1339 2742 15,16,1

299 2749 322 2797 t.
339 2749 364 2796 ea·
375 2745 446 2810 seret
455 2751 545 2813 Ιιαιιω,
562 2747 667 2801 bildliclr
682 2753 774 2816 gesagt
822 2751 852 2797 ιιι
869 2749 944 2798 dora.

265 2828 316 2864 von
327 2813 385 2864 dem
395 2814 495 2876 Winde,
512 2817 624 2868 welcher
633 2818 678 2869 das
693 2817 776 2870 Schili
858 2813 966 2876 Varius,
986 2828 1006 2865 s.
1024 2827 1055 2863 zu
1078 2815 1098 2874 l,
1116 2813 1157 2864 98.

267 2880 400 2942 lortlrihrt,
418 2898 447 2934 so
469 2883 543 2944 ferre
560 2901 611 2937 von
629 2885 673 2937 der
690 2886 773 2936 unwi-
856 2883 880 2932 9.
888 2882 1042 2944 compositio
1051 2884 1184 2944 sequetur,
1191 2878 1340 2932 stehtselb-

266 2949 421 3001 dorsteldieh
456 2951 649 3006 lorareissenden
681 2952 772 3004 Beue-
823 2947 924 3012 standig
951 2947 989 2998 als
1016 2946 1106 2998 drittes
1134 2947 1216 2998 neben
1241 2964 1284 2998 rer
1310 2967 1340 3000 oe

266 3031 335 3083 gang
353 3019 418 3069 auch
440 3023 461 3083 t,
484 3023 536 3072 ιιι.
825 3015 963 3066 ostendent
978 3013 1030 3066 und
1042 3017 1122 3065 verbo
1132 3016 1339 3081 respondebunt.

300 3085 363 3136 dum
374 3113 409 3124 —
419 3103 481 3151 non,
495 3089 560 3140 nach
572 3087 628 3140 dem
639 3085 775 3150 Vorgange
858 3081 966 3143 familia
986 3112 1015 3121 -
1034 3085 1168 3146 instituto,
1183 3079 1252 3136 ‘eine
1267 3085 1338 3136 wohl

267 3151 311 3204 der
333 3152 448 3207 Dichter:
476 3156 573 3208 ebenso
600 3155 651 3216 llll,
671 3156 710 3214 td,
728 3155 773 3205 48:
826 3151 991 3215 organisierte
1009 3145 1201 3203 Dienersehalt'.

267 3221 342 3272 dum
354 3239 410 3274 rem
420 3227 575 3274 contineant
584 3227 611 3272 ot
619 3224 695 3286 copia
707 3235 775 3270 non
862 3221 901 3270 to.
914 3223 946 3269 ut
952 3219 1150 3285 provideamus,
1162 3221 1196 3272 ist
1209 3219 1249 3272 ein
1263 3219 1341 3272 riber-

267 3290 423 3344 redundant.
468 3288 669 3342 Dummodo
695 3285 776 3338 findet
826 3287 952 3353 tlr'rssigee
971 3287 1032 3339 aber
1049 3287 1120 3339 nicht
1137 3288 1270 3340 storender
1288 3287 1340 3338 Zu-

268 3357 323 3408 sich
341 3359 382 3410 bei
402 3359 486 3420 Quint.
506 3359 584 3418 nicht,
603 3355 711 3406 sondern
730 3369 777 3408 nur
826 3359 889 3408 sata.

268 3424 339 3488 dum,
357 3427 418 3479 oder
434 3427 521 3490 modo,
539 3424 600 3474 oder
616 3425 641 3472 εἰ
657 3424 742 3475 modo.
860 3423 995 3487 offerentia
1012 3439 1039 3472 oo
1060 3439 1153 3488 equor,
1177 3416 1228 3474 ‘die
1245 3421 1341 3473 durch-

301 3509 362 3560 που,
380 3499 444 3546 statt
460 3509 494 3544 ns
510 3521 544 3530 -
562 3491 666 3557 quidem
684 3494 774 3545 mitten
827 3491 959 3558 gehenden
978 3485 1085 3543 Plerde’.

268 3562 303 3612 im
314 3561 389 3615 Setae
398 3563 469 3614 nicht
478 3559 568 3623 sotter,
586 3575 607 3610 z.
619 3557 647 3613 B.
657 3559 697 3624 lll,
708 3564 731 3624 2,
742 3564 773 3612 aa
858 3563 943 3611 robor
960 3587 993 3598 -
1010 3558 1126 3620 fecerent
1137 3558 1189 3625 rgl
1203 3557 1219 3624 ξ
1233 3561 1248 3611 3
1267 3561 1342 3609 uires

269 3631 341 3696 quod
362 3634 392 3682 ιη
415 3629 477 3691 soro
499 3642 553 3677 non
577 3629 696 3695 expedit,
718 3629 776 3680 ittto
825 3627 966 3689 sociemus.

269 3714 318 3748 noe
337 3700 423 3750 licant.
859 3693 995 3756 infelicem
1009 3711 1138 3760 pomam,
1157 3693 1260 3746 ahnlich
1281 3698 1306 3760 l,
1327 3697 1341 3744 'l

301 3765 470 3828 facilitatem,
484 3761 529 3816 das
539 3761 700 3818 Abstractum
713 3767 776 3817 statt
826 3761 942 3824 infelicis
961 3779 1067 3830 operae.

269 3833 314 3885 des
332 3835 491 3885 concretum.
863 3835 902 3882 tt.
915 3829 1159 3894 omniscientem,
1172 3828 1341 3896 Gelilliglsei-

304 3904 327 3954 Β.
345 3902 395 3964 die,
414 3901 439 3952 in
452 3901 534 3954 einen
546 3901 625 3969 Tage,
637 3901 778 3969 gebrduch·
828 3903 880 3962 ten,
900 3900 997 3951 welche
1020 3899 1060 3950 ein
1080 3898 1261 3964 Staatsbr'rrger
1280 3897 1344 3950 dem

269 3969 349 4020 lioher
360 3969 396 4019 ist
413 3969 454 4022 die
466 3969 645 4038 llinautdgnng
657 3971 701 4022 der
718 3967 778 4020 Pra—
828 3965 922 4018 andem
940 3966 1052 4019 erweist.
