2796 4608
456 293 562 348 orror
581 293 631 347 ur.
650 295 666 362 s
685 298 759 351 e—e.
1097 295 1135 357 er

73 487 177 530 cursus
197 475 295 547 potest
315 483 402 546 quem
422 466 590 541 scierimus,
616 485 675 546 quo
696 469 733 529 sit
758 476 787 528 et
811 487 870 548 qua
894 469 1136 550 perveniendum.

74 555 132 615 Neo
147 553 216 615 satis
231 559 276 612 est
291 571 352 613 non
368 552 505 630 ignorare
517 570 591 630 quae
602 553 662 614 sint
674 571 827 614 musarum
837 553 1015 615 iudieielium
1030 564 1136 635 partes,

73 647 123 700 aut
144 637 349 717 quaestionum
371 637 505 698 ordinem
520 645 601 700 reete
616 637 783 717 disponere,
807 655 982 718 quemquam
998 641 1052 702 ista
1068 649 1137 704 sunt

73 724 245 802 praeeipua;
260 723 311 782 sed
327 722 398 800 quid
412 740 531 800 quoque
546 722 611 783 loeo
626 723 755 802 primum
766 723 804 784 sit
818 741 851 784 ao
864 725 1025 785 seeundum
1042 734 1071 787 et
1085 726 1137 788 de·

72 810 186 888 inoeps;
210 825 285 886 quae
305 807 344 867 ite
365 815 435 868 sunt
455 815 559 868 natura
580 807 731 886 oopulatn,
753 817 786 868 ut
806 809 912 870 mutari
929 807 980 870 aut
993 809 1137 872 intervelli

70 895 135 955 siue
151 892 326 954 confusione
343 911 403 954 non
425 891 550 972 possint
579 891 720 970 Quisquis
741 901 836 953 autem
852 893 896 954 vie
912 895 997 968 dioet,
1012 895 1138 956 duretur
1158 906 1174 956 6

72 986 140 1040 ante
156 977 253 1038 omnia
273 993 374 1038 rerum
396 977 459 1056 ipse
474 976 550 1037 serie
565 976 644 1038 velut
657 977 748 1053 duee;
770 985 894 1057 propter
909 979 988 1057 quod
1002 979 1137 1042 homines

27 1115 31 1124 .
71 1063 158 1124 etiam
182 1062 295 1127 modioe
315 1061 466 1122 eremitati
485 1061 622 1122 facillime
644 1069 779 1122 tenore·
795 1063 825 1122 in
841 1063 1061 1126 narrationibus
1075 1083 1138 1127 ser·
1167 1073 1170 1080 '

69 1156 149 1208 vent,
183 1147 304 1220 deinde
319 1147 390 1226 quid
411 1165 528 1225 quoque
546 1146 614 1208 loeo
630 1155 787 1225 quaerent,
808 1147 911 1218 soient,
933 1165 989 1208 nee
1008 1149 1136 1214 circum·

69 1231 245 1312 spectabunt
260 1250 314 1292 neo
331 1231 523 1292 offerentibus
539 1249 570 1292 se
586 1231 705 1292 aliunde
714 1231 851 1293 sensibus
864 1230 1066 1294 turbabuntur
1081 1251 1136 1297 neo

71 1316 255 1378 ooulundent
274 1335 311 1377 ex
328 1317 452 1378 diversis
473 1317 638 1377 orationem
658 1317 738 1376 velot
758 1316 895 1378 salientes
916 1317 974 1378 hue
995 1317 1065 1380 illue
1080 1338 1136 1381 neo

71 1419 194 1480 usquam
212 1401 390 1463 insistentes.
425 1401 578 1462 Postremo
600 1401 753 1462 habebunt
772 1401 892 1461 modum
914 1411 944 1462 et
965 1403 1063 1479 finem,
1085 1405 1172 1483 quir

70 1505 134 1548 esse
148 1486 223 1546 eitra
237 1485 408 1548 divisionem
425 1485 524 1546 nullus
538 1494 643 1565 potest.
673 1485 804 1564 Expletis
818 1503 873 1566 pro
888 1487 1025 1550 tumtun
1040 1490 1152 1549 omni·'

72 1571 127 1632 bus
142 1588 216 1648 quoe
232 1570 453 1650 proposuerint,
469 1571 639 1650 pervenisse
654 1589 686 1631 se
702 1571 736 1632 ad
752 1570 888 1632 ultimum
903 1572 1041 1634 sentient.

153 1655 191 1716 ttt
204 1656 277 1716 haee
292 1655 410 1734 quidem
427 1673 463 1714 ex
477 1661 549 1730 arte,
563 1655 612 1715 ille
626 1673 695 1716 vero
711 1673 747 1716 ex
761 1656 874 1716 studio:
897 1665 930 1717 ut
946 1656 1060 1736 ropium
1075 1675 1136 1720 ser-

71 1740 167 1801 monis
174 1741 286 1819 optimi,
300 1739 743 1820 quemadmodumpraeoeptum
751 1750 804 1815 est,
818 1759 1031 1821 comparemus,
1042 1742 1136 1804 multo

68 1844 103 1886 ao
124 1825 202 1886 fideli
224 1825 290 1887 stilo
310 1825 353 1886 sio
373 1825 517 1885 formetur
537 1825 639 1899 oratio,
661 1833 694 1884 ut
708 1825 886 1905 soriptorum
903 1826 1034 1887 colorem
1049 1827 1137 1888 etiam

69 1928 145 1988 quae
156 1909 253 1971 subito
265 1910 358 1972 effuse
367 1909 427 1970 sint
438 1910 575 1986 reddent3
590 1919 623 1971 ut
639 1927 706 1970 oum
718 1910 807 1970 multa
819 1909 1034 1988 scripserimus,
1049 1911 1136 1972 etiem

68 1995 159 2056 multa
172 1993 312 2056 dieamus.
335 1994 408 2058 Nam
421 1994 603 2056 consuetudo
615 2003 644 2056 et
655 1994 824 2056 exercitatio
832 1994 999 2056 facilitatem
1010 1995 1136 2056 maxine
1156 2000 1173 2053 8

67 2081 161 2158 parit3
178 2098 252 2158 quoe
267 2079 291 2141 si
306 2078 427 2158 paulum
449 2079 614 2142 intermissa
627 2079 726 2154 luerit,
748 2098 808 2140 non
830 2079 969 2140 velocitas
983 2079 1032 2140 iila
1048 2081 1134 2141 modo

67 2165 209 2240 tardatur,
230 2165 281 2226 sed
303 2165 400 2244 ipsum
422 2183 456 2226 oe
475 2166 534 2226 ooit
553 2173 641 2244 etque
662 2165 823 2225 oeneurrit.
853 2163 1037 2244 Quamquam
1056 2165 1136 2226 enim

66 2329 206 2381 verrnlalst
228 2329 269 2382 die
292 2330 492 2398 entspreohende
515 2329 576 2382 Ver·
626 2331 734 2384 bialisoh
757 2329 908 2397 prenomen,
932 2330 982 2382 wie
1006 2330 1052 2382 das
1070 2331 1137 2384 noeh

66 2397 204 2464 gleiohung
215 2399 263 2449 mit
274 2397 443 2464 demjenigen,
460 2398 506 2450 der
519 2399 575 2450 eine
627 2397 756 2464 hiufigere
774 2415 809 2448 eu
826 2398 943 2462 deenen,
962 2397 1048 2450 sodess
1065 2399 1135 2450 seine

66 2465 146 2517 Fehrt
162 2466 345 2518 untemelrmen
369 2465 424 2516 will
446 2465 498 2516 und
521 2465 576 2517 sich
627 2464 1136 2532 grammatisehellinidgungindieKon·

66 2549 98 2585 zu
126 2532 183 2584 dem
207 2532 316 2585 Zweeke
341 2534 405 2586 iiber
431 2533 479 2584 deu
501 2531 575 2599 Wep
626 2532 754 2585 struktion
762 2533 834 2584 nieht
843 2533 914 2584 mehr
926 2545 1007 2598 genoe
1017 2532 1136 2584 beeohtet

66 2601 116 2652 den
134 2615 162 2652 er
176 2600 340 2668 einsehlegeu
351 2600 426 2665 muse,
443 2601 496 2652 und
512 2601 576 2652 tiber
627 2601 701 2652 uird.

66 2669 121 2721 sein
140 2668 195 2720 ziet
212 2683 296 2734 genae
313 2668 486 2722 unterriohtet.

660 2672 684 2720 t.
695 2668 1054 2733 Hopleus-*proposuerint
1072 2667 1136 2717 Pro·

91 2735 576 2802 eernerumiudieiuliumpnrtee‚sind
622 2752 724 2802 ponere
736 2735 802 2790 ohne
814 2733 869 2786 Det.
887 2732 963 2785 heilst
978 2726 1069 2786 ‘etwas
1081 2733 1135 2786 oui-

64 2805 310 2870 pontentissime,
333 2804 435 2857 konnen
459 2805 514 2856 eleo
532 2819 575 2870 ge·
625 2798 734 2868 stellen‘,
760 2801 845 2855 sodale
870 2802 982 2870 repletio
1003 2801 1058 2854 hier
1082 2801 1135 2853 hel·

63 2873 134 2924 lerut
159 2872 277 2937 werden,
301 2872 455 2926 namentlioh
479 2887 575 2939 prooe—
625 2865 911 2924 [sermnis2‘uaohdem
924 2861 1134 2935 ausgeldhrtiet'.

62 2943 159 3004 mium,
176 2943 311 3004 dramlio,
328 2943 461 3008 predatio,
473 2939 576 3002 refuta·
625 2940 677 3006 vgl.
694 2939 724 3005 V,
739 2942 778 3004 10,
795 2941 852 2991 109:
870 2954 918 2989 nee
934 2940 1023 2988 minue
1039 2941 1069 2990 in
1086 2937 1136 2990 doe

60 3012 113 3068 tio,
133 3007 262 3074 epilogus,
285 3009 336 3075 vgl.
350 3009 388 3073 111,
401 3011 448 3074 9‚1
463 3008 497 3074 Ε,
515 3009 575 3061 eber

626 3023 708 3060 oreree
721 3007 796 3060 debet
812 3007 942 3070 additor-i,
958 3006 1026 3071 quid
1038 3021 1136 3071 propo·

61 3076 112 3128 das
124 3075 151 3126 in
164 3074 219 3128 dem
230 3077 369 3142 folgenden
382 3077 518 3144 Fragesetr
528 3075 576 3128 eod
625 3077 750 3140 nereidum,
769 3089 849 3146 quum
865 3073 995 3140 quemodo
1012 3075 1050 3123 ra‘t
1066 3073 1139 3138 quod

61 3142 133 3209 quid
144 3147 192 3197 eet.
201 3143 355 3197 Entheltene
366 3146 401 3196 ist
413 3143 575 3211 degenetend

60 3211 109 3262 der
126 3211 240 3264 betheren
257 3212 378 3275 illusioni,
403 3227 477 3265 wonu
494 3211 575 3265 Urteil

60 3278 115 3330 und
135 3277 283 3332 Soharlsinn
301 3279 416 3346 rugleioh
434 3281 553 3346 gehenon.

97 3351 286 3412 quaestionum
303 3375 336 3388 -·
354 3348 500 3413 disponere,
522 3347 575 3414 νεὶ.

60 3413 115 3480 vlt,
136 3417 203 3478 tue
224 3418 388 3482 quaestiones
408 3415 465 3466 sind
479 3413 576 3481 Haupt-

60 3481 172 3548 punkm,
190 3482 371 3550 Hauptlregen.

95 3551 245 3616 intonent,
269 3551 310 3602 ein
328 3549 438 3602 Verbum
456 3549 501 3601 der
517 3550 576 3616 spi·

60 3623 135 3670 teren
153 3617 281 3672 Latinitit.
324 3643 326 3648 ·

95 3688 121 3741 6.
139 3688 198 3750 oia,
221 3681 404 3752 ‘plnnmissig’‚
427 3686 467 3737 bei
490 3683 575 3745 Quint.

58 3769 109 3805 nur
127 3753 197 3806 hier:
215 3755 377 3820 vergleiohen
390 3753 515 3806 tetstatur
532 3751 576 3804 dn·

58 3822 108 3872 mit
128 3822 186 3872 loeo
204 3817 271 3874 u.'e.

93 3906 131 3940 ere
150 3890 270 3956 demetr,
288 3885 377 3942 ‘durch
392 3887 576 3940 Vmsobieden·

58 3949 175 4023 arttges’.
210 3957 259 4010 Der
277 3957 412 4010 Ausdruek
435 3957 469 4010 ist
487 3956 575 4010 edem·

114 4049 210 4100 Qumtit
218 4049 273 4093 Inrt.
285 4051 339 4092 oret
349 4049 397 4092 Lib.
408 4049 433 4090 X.
447 4050 466 4091 d.
476 4047 532 4090 Aufl.

626 3146 797 3211 mopoeueree
813 3141 990 3207 protundum.

659 3213 696 3263 Et
710 3209 916 3262 daeo-etudio.
936 3207 981 3259 Die
990 3208 1024 3259 im
1033 3207 1136 3260 vorher·

626 3279 759 3346 gehenden
769 3275 950 3343 anfgestellten
958 3274 1135 3341 Forderungen

627 3347 736 3412 ergeben
753 3345 809 3396 sielr
827 3359 873 3395 aus
890 3343 936 3394 der
953 3341 1070 3408 Therone,
1092 3357 1137 3394 an·

626 3411 1136 3480 derebeonspruohenwisseosehefdiehe

626 3482 719 3548 Ubnng
736 3481 788 3534 und
805 3478 1019 3544 Besohiaftigung‘,
1043 3478 1084 3530 die
1100 3479 1136 3529 im

627 3549 763 3616 folgenden
778 3548 860 3600 -niher
876 3545 1027 3600 beneielmet
1044 3547 1085 3600 ist.

660 3618 782 3682 colorem,
801 3617 854 3682 νεὶ.
869 3619 896 3678 d,
914 3619 939 3667 d.

661 3688 683 3738 8.
702 3683 815 3734 Nom-
827 3685 912 3750 penit,
930 3678 1071 3746 begniudet
1088 3694 1136 3731 nur

627 3753 680 3815 des,
697 3767 753 3804 ares
770 3751 935 3804 unmittelber
951 3747 1111 3812 rorhergeht.

659 3820 717 3884 ille,
735 3819 777 3872 die
790 3836 821 3872 zu
834 3818 964 3871 erreiohen
982 3815 1018 3867 ist
1035 3813 1137 3867 under·

625 3887 706 3943 retem
723 3887 826 3940 worden
844 3887 887 3938 ist.

661 3971 690 4007 oe
706 3983 741 3998 -
758 3956 908 4018 concuret,
926 3952 980 4018 vffl.
997 3950 1038 4018 tlt,
1056 3955 1135 4017 &ude

918 4039 934 4089 6
